4142 5817
390 567 438 618 Ab
457 567 578 620 LEGUM
596 567 841 620 SAECULARIUM
861 569 1091 620 CONSTANTINI
1110 569 1234 621 cnflun
1253 570 1453 621 IUDlClARlA.
1515 578 1587 646 127
1596 565 1600 570 ’

348 743 434 813 Haec
455 745 561 830 habui,
585 747 624 814 de
648 745 756 813 ordine
778 747 976 832 iudiciorum,
1001 747 1103 832 qualis
1123 753 1258 814 exeunte
1279 747 1389 832 quinto
1408 745 1531 814 saeculo
1554 746 1587 812 in
1688 739 1692 745 ’

259 868 462 937 orientalibus
491 871 618 957 imperii
639 871 774 936 Romani
801 871 970 958 provinciis
994 871 1215 954 exercebatur,
1244 871 1455 937 remotissimo
1478 869 1592 936 hausta
1653 890 1656 896 ·

260 1015 299 1060 ex
320 993 406 1102 fonte
430 1016 509 1081 qnae
532 993 615 1061 ΤΙΒΙ
638 994 791 1062 offerrem.
827 1001 902 1062 sunt
924 994 1060 1081 paucula
1079 993 1136 1060 illa
1159 994 1286 1080 quidem
1309 1014 1346 1060 ac
1367 1015 1407 1060 ne
1430 1000 1498 1060 arto
1522 995 1590 1079 qni·

260 1118 331 1184 dem
347 1118 472 1186 vinculo
494 1120 578 1186 inter
593 1139 627 1185 se
643 1121 819 1204 coniuncta,
843 1120 898 1186 sed
922 1125 1027 1186 tamen
1051 1139 1115 1185 non
1137 1117 1305 1200 reicienda,
1329 1117 1497 1203 siquidem
1517 1122 1590 1184 con-

260 1243 468 1327 suetudinem,
492 1265 597 1328 quam,
620 1249 656 1310 ut
678 1245 755 1329 dixi,
778 1244 971 1311 Iustinianus
988 1241 1118 1310 offendit
1132 1242 1260 1327 suisque
1281 1241 1403 1324 legibus
1423 1241 1591 1308 emendare

260 1368 391 1452 studuit,
414 1367 526 1434 saltem
549 1388 607 1455 pro
630 1373 721 1454 parte
745 1367 850 1454 aliqua
871 1369 1054 1455 conspectui
1077 1348 1245 1433 subiciunt.
1323 1409 1329 1418 -

350 1491 413 1559 Sed
435 1492 620 1559 munusculo
638 1493 722 1578 quod
737 1492 819 1560 desit
834 1492 983 1579 expleant
997 1497 1082 1577 vota,
1106 1512 1186 1578 quae
1202 1491 1317 1557 donum
1335 1490 1479 1571 comitari
1501 1489 1589 1556 iussi.

349 1616 403 1683 TU
427 1615 509 1684 ΤΙΒΙ
531 1617 609 1682 iuris
633 1617 940 1703 interpretationem,
971 1637 1033 1702 qua
1059 1615 1176 1702 polles,
1207 1615 1246 1682 ab
1270 1612 1484 1680 adnleseentia
1507 1612 1591 1681 dele-

260 1741 335 1825 gisti
358 1741 613 1808 honestissimum
638 1740 805 1826 aliquando
829 1741 983 1808 senectuti
1011 1740 1190 1827 perfugium
1220 1739 1376 1805 suturam:
1406 1739 1527 1804 utinam
1551 1759 1590 1804 ex

262 1866 370 1932 eadem
400 1885 532 1953 operosa
565 1866 684 1950 ingenii
715 1867 892 1951 mentisque
921 1861 1145 1933 exercitatione
1173 1865 1257 1930 vitae
1290 1861 1385 1930 simnl
1413 1863 1591 1947 uiriumque

262 1990 436 2057 subsidium
459 1991 634 2076 exoriatur,
666 1982 750 2077 quod
778 1990 808 2057 ei
836 1991 924 2077 operi
954 1987 1089 2056 sufficiat
1112 2010 1173 2074 quo
1196 1989 1280 2055 vitae
1302 1985 1416 2055 TUAE
1439 1987 1591 2072 quodam-

260 2114 353 2180 modo
369 2135 493 2182 summa
508 2116 696 2200 continetur,
719 2115 863 2201 quodque
886 2115 1061 2202 perfectum
1076 2114 1117 2181 iri
1132 2115 1264 2180 interest
1283 2111 1423 2200 profecto
1439 2111 1590 2194 omnium,

262 2238 374 2323 quibus
398 2239 540 2306 eruditae
563 2240 641 2305 iuris
664 2239 825 2307 doctrinae
848 2239 1045 2306 conservatio
1068 2259 1162 2305 curae
1185 2242 1242 2304 est

350 2363 438 2449 Vale,
461 2363 533 2430 VIR
554 2362 952 2448 PRAESTANTISSIME,
975 2363 1116 2449 mihique
1137 2363 1244 2430 favere
1267 2379 1372 2448 perge.
