4142 5817
522 521 542 590 9
548 523 568 592 8
977 513 1186 566 rflnonoaus
1204 513 1387 574 MOMMSEN,
1412 550 1414 554 -

518 691 579 774 Agi
604 696 692 776 patet
712 691 771 756 hoo
794 691 861 756 loco
886 691 924 756 de
946 691 1201 779 stipulationibus
1223 694 1343 759 duabus
1358 691 1552 778 nuptialibus
1567 691 1676 757 mariti
1691 692 1788 757 futuri
1811 697 1843 757 et

519 816 619 902 patris
648 815 801 881 tutorisre
827 815 934 881 uxoris
964 816 1106 902 futurae,
1134 818 1260 884 initium
1284 823 1389 884 autom
1410 821 1592 902 corruptum
1616 836 1694 883 esse.
1734 815 1842 900 Itaque

378 932 392 942 ’
518 921 743 1026 temptavimus
767 938 821 1005 alii
843 940 919 1006 alia:
939 941 1162 1029 ‘stipulabatur
1184 963 1254 1008 eam
1269 943 1303 1008 in
1317 943 1554 1008 matrimonium
1577 942 1685 1007 datum
1707 941 1763 1006 iri:
1791 941 1842 1007 cui

513 1065 656 1131 ‘daturus
685 1069 768 1149 erat,
803 1064 913 1131 itidem
941 1067 1116 1152 spondebat
1144 1064 1325 1133 duotumm‘
1354 1066 1588 1149 Lachmannus3
1617 1065 1842 1152 ‘stipulabatur

514 1190 598 1256 ‘eum
612 1191 647 1255 in
662 1190 896 1256 matrimonium
912 1190 1074 1258 daturum:
1092 1193 1160 1279 ipse
1182 1193 1210 1258 ei
1231 1193 1284 1278 qui
1306 1194 1437 1258 daturus
1452 1198 1521 1259 erat
1535 1189 1709 1278 spondebat
1731 1191 1842 1258 ductu·

444 1310 447 1318 ¹
513 1312 609 1380 ‘rum’
634 1314 813 1381 Huschkius
837 1315 928 1396 clim3
947 1315 1170 1402 ‘stipulabatur
1191 1338 1259 1385 eam
1281 1319 1315 1384 in
1331 1318 1566 1384 matrimonium
1581 1317 1743 1385 daturum:
1767 1316 1843 1382 duo-

512 1439 593 1504 ‘tum
615 1440 666 1524 iri,
691 1440 744 1536 qui
767 1441 917 1507 ducturus
939 1447 1008 1508 erat
1021 1441 1130 1508 itidem
1146 1439 1333 1529 spondebat’
1350 1443 1497 1510 Hertzius
1513 1443 1666 1528 probante
1681 1441 1842 1508 Huschkio

518 1570 643 1650 postea;
662 1563 884 1650 ‘stipulabatur
908 1586 977 1632 eam
1000 1567 1033 1632 in
1056 1567 1291 1633 matrimonium
1314 1568 1422 1634 datum
1444 1568 1501 1634 iri:
1526 1569 1579 1652 qui
1601 1568 1751 1634 ducturus
1774 1570 1843 1632 erat

513 1688 558 1755 ‘id
582 1689 635 1770 (ε
657 1688 881 1756 ducturum‘se
904 1692 984 1771 esse)
1008 1690 1110 1758 eidem
1132 1690 1319 1779 spondebat'
1342 1713 1400 1776 ego
1422 1693 1456 1758 in
1479 1692 1601 1759 schedis
1623 1712 1695 1759 cum
1712 1691 1842 1757 Hertzio

518 1815 642 1900 pridem
667 1815 912 1882 communicatis.
961 1814 1023 1904 Sed
1051 1816 1110 1883 hae
1138 1818 1371 1885 emendationes
1400 1818 1459 1883 etsi
1486 1816 1526 1883 ad
1555 1838 1623 1883 rem
1646 1816 1843 1883 satisfaciunt

519 1939 594 2018 (nisi
617 1939 700 2024 quod
714 1940 920 2007 Huschkiana
940 1945 972 2007 et
985 1939 1158 2007 Hertziana
1181 1963 1217 2009 eo
1239 1943 1365 2008 nomine
1386 1947 1527 2028 peccant,
1551 1941 1634 2027 quod
1656 1961 1718 2008 non
1741 1941 1842 2027 stipu-

518 2063 620 2130 lamur
643 2064 719 2131 dare
742 2086 844 2150 quem,
868 2066 924 2132 sed
947 2065 1039 2150 dari),
1062 2059 1168 2132 tamen
1191 2067 1300 2133 eodem
1324 2068 1399 2133 vitio
1421 2066 1567 2133 laborant
1581 2086 1705 2148 omnes3
1719 2046 1842 2150 'nempe

519 2208 590 2255 cum
613 2189 692 2256 duae
715 2190 933 2276 stipulationes
956 2191 1098 2276 duaeque
1120 2193 1304 2278 sponsiones
1323 2191 1516 2258 enarrandae
1532 2196 1646 2276 essent,
1670 2211 1748 2275 quas
1763 2189 1841 2255 adeo

519 2315 625 2381 statim
647 2315 876 2382 iureconsultus
899 2315 1014 2382 subicit
1037 2337 1199 2383 enarrasse
1223 2338 1271 2402 se,
1300 2321 1491 2384 tamennon
1514 2317 1621 2404 posuit
1642 2316 1704 2383 nisi
1726 2315 1841 2402 prioris

518 2443 696 2504 contractus
720 2441 955 2527 stipulationem
982 2442 1099 2507 omissa
1127 2442 1310 2529 sponsione,
1337 2442 1522 2528 posterioris
1544 2462 1619 2509 vero
1641 2441 1840 2528 sponsionem

518 2564 636 2630 omissa
658 2564 876 2649 stipulatione,
904 2567 1010 2650 itaque
1033 2568 1208 2633 orationem
1230 2566 1332 2635 effecit
1353 2588 1416 2633 non
1439 2567 1568 2651 falsam,
1599 2567 1654 2634 sed
1676 2566 1841 2633 obscuram

518 2694 549 2754 et
579 2689 632 2755 vix
656 2689 717 2754 nisi
739 2689 861 2756 adiecta
882 2691 1141 2777 interpretatione
1164 2693 1400 2777 assequendam.
1446 2680 1535 2770 Quod
1558 2693 1612 2778 qui
1633 2691 1680 2757 ita
1701 2693 1841 2774 excusat,

518 2818 553 2879 ut
576 2833 615 2879 cr
639 2814 841 2900 stipulatione
870 2816 954 2882 dicat
983 2817 1185 2903 sponsionem
1207 2817 1348 2900 intellegi
1371 2837 1464 2903 posse
1487 2821 1519 2884 et
1542 2818 1609 2884 vice
1630 2836 1739 2900 versa,
1766 2834 1841 2881 vero

518 2937 600 3004 male
624 2939 733 3024 utitur,
756 2939 789 3005 id
812 2945 860 3006 est
879 2941 1053 3008 cavillatur.
1089 2942 1256 3008 Diversum
1278 2947 1371 3026 esset,
1393 2945 1423 3008 si
1437 2943 1515 3009 duas
1531 2942 1749 3028 stipulationes
1770 2946 1841 3006 tan-

517 3067 584 3129 tum
607 3063 656 3130 vel
679 3064 756 3130 duas
772 3066 956 3151 sponsiones
979 3071 1102 3133 tantum
1127 3073 1234 3134 auctor
1256 3067 1445 3134 rettulisset:
1469 3067 1632 3151 utriusque
1648 3071 1753 3133 autem
1767 3085 1842 3131 con-

517 3193 635 3254 tractus
652 3188 782 3256 alteram
798 3195 921 3276 partem
936 3195 968 3258 et
983 3192 1139 3258 diversam
1163 3192 1294 3276 seligere
1313 3192 1568 3259 iurisconsultum
1587 3212 1651 3258 non
1666 3190 1840 3278 oportebat,

517 3314 604 3380 cuius
627 3335 690 3381 non
714 3319 761 3381 est
783 3315 935 3382 varietate
956 3315 1106 3384 lectorem
1128 3317 1293 3402 delectare,
1319 3317 1375 3384 sed
1396 3338 1447 3384 res
1471 3337 1618 3401 enarrare
1640 3316 1749 3384 ordine
1763 3314 1841 3399 legi-

516 3439 603 3506 timo.
643 3438 731 3517 Quod
754 3444 790 3505 ut
812 3461 884 3507 vere
906 3441 1016 3508 feeerit
1039 3441 1182 3526 Servius,
1207 3441 1375 3510 efficiemus
1398 3443 1540 3508 oratione
1560 3463 1625 3509 non
1647 3448 1712 3509 tam
1735 3460 1840 3509 emen-

516 3563 592 3630 data
614 3584 708 3649 quam
727 3565 888 3652 suppleta:
906 3565 1130 3652 ‘stipulabatur
1153 3588 1224 3634 eam
1245 3567 1279 3633 in
1301 3562 1536 3634 matrimonium
1562 3565 1682 3651 [datum
1705 3567 1762 3649 iri3
1786 3567 1841 3652 qui

511 3687 654 3756 ‘daturus
678 3695 762 3775 erat,
789 3691 823 3757 id
846 3691 945 3758 eidem
970 3693 1153 3778 spondebat
1200 3690 1278 3758 Item
1302 3693 1356 3778 qui
1377 3713 1507 3760 uxorem
1536 3693 1666 3759 daturus
1689 3699 1772 3777 erat,
1800 3691 1840 3758 ab

513 3812 562 3880 ‘eo
586 3815 636 3881 cui
659 3835 728 3882 eam
751 3815 882 3882 daturus
905 3825 974 3884 erat
996 3817 1206 3903 stipulabatur
1225 3837 1295 3883 eam
1310 3816 1343 3882 in
1358 3816 1607 3903 matrimonium]
1632 3818 1762 3885 ductum
1783 3816 1839 3882 iri:

511 3939 578 4024 ‘qui
600 3938 749 4006 ducturus
773 3945 841 4006 erat
869 3941 901 4007 id
928 3942 1029 4008 eidem
1053 3938 1251 4028 spondebat’.
1277 3977 1318 3987 -
1341 3941 1509 4010 Praeterea
1531 3963 1611 4028 quae
1633 3945 1841 4030 peccaverunt

515 4063 637 4130 librarii
661 4069 692 4131 et
713 4065 806 4132 facile
827 4066 1025 4150 corriguntur
1048 4072 1080 4133 et
1098 4067 1248 4154 pleraque
1263 4066 1380 4133 dudum
1400 4073 1484 4134 recte
1499 4073 1639 4136 comecta
1654 4074 1737 4152 sunt
1771 4067 1842 4134 Nisi

405 4275 406 4280 ἵ
516 4187 707 4274 quod‘tunc²
725 4191 911 4258 vocabulum
933 4213 997 4258 non
1019 4190 1166 4275 intellego
1189 4211 1245 4258 cur
1267 4197 1390 4258 mutent
1411 4192 1445 4259 in
1458 4191 1561 4277 ‘tum’,
1586 4193 1669 4278 quod
1691 4192 1839 4259 hocloco

517 4317 570 4380 aut
600 4314 734 4380 otiosum
764 4322 813 4383 est
837 4322 895 4383 ant
923 4317 1055 4399 falsum3
1088 4317 1185 4382 immo
1219 4321 1304 4383 recte
1336 4316 1415 4383 illud
1449 4338 1483 4384 se
1516 4304 1611 4385 habet
1640 4319 1840 4385 distinctione

517 4443 638 4505 mutata
666 4439 920 4527 significaturque
953 4443 999 4508 ita
1028 4440 1130 4508 Servii
1160 4445 1302 4529 tempore
1331 4443 1494 4528 sponsalia
1521 4443 1611 4510 aliter
1639 4441 1707 4510 fieri
1736 4443 1838 4509 solita.

516 4560 577 4628 Pro
595 4559 748 4650 ‘scripsit'
764 4564 914 4633 vocabulo
938 4565 1020 4651 quod
1035 4566 1214 4633 Huschkius
1236 4567 1379 4653 reposuit
1387 4566 1584 4654 inscripsit,
1609 4569 1745 4635 auctoris
1766 4587 1840 4634 con·

516 4687 674 4754 suetudini
701 4691 856 4756 convenit
896 4690 974 4757 Item
1004 4712 1077 4758 rere
1106 4692 1229 4758 monuit
1251 4690 1426 4758 Gronovius
1457 4698 1531 4759 ante
1547 4690 1599 4760 ‘er
1628 4689 1755 4780 sponsu’
1781 4712 1839 4779 pro

516 4831 552 4878 eo
568 4811 651 4897 quod
674 4818 721 4879 est
731 4813 965 4902 ‘stipulabatur'
983 4817 1080 4884 scribi
1094 4816 1238 4883 debuisse
1248 4817 1430 4904 ‘stipulatus
1447 4815 1539 4900 erat’3
1563 4819 1618 4885 sed
1640 4818 1710 4885 fieri
1724 4821 1839 4904 potest

515 4943 552 5003 ut
572 4937 677 5022 paullo
699 4940 915 5024 neglegentius
937 4940 1065 5008 Servius
1087 4941 1210 5008 locutus
1232 4942 1275 5008 sit
1296 4947 1329 5009 et
1350 4942 1474 5009 videtur
1497 4943 1714 5030 imperfectum
1736 4943 1839 5011 feren·
