4142 5817
685 526 731 576 AD
751 525 874 576 CAPH’A
892 526 964 576 DUO
983 524 1167 577 untalans.
1537 529 1585 600 99

263 707 337 772 dum
361 725 439 771 esse.
479 705 599 772 Deinde
621 704 887 775 comma‘iudices
903 701 1143 788 cognoscebant
1162 703 1201 769 ab
1216 701 1441 788 interpolatore
1464 721 1532 767 esse
1554 706 1586 767 et

262 830 409 897 Hertzius
432 829 509 896 mihi
532 849 632 916 paene
655 831 809 896 concessit
831 835 863 897 et
884 836 961 917 puto
984 829 1155 896 concedent
1174 828 1253 894 iuris
1268 827 1438 913 prudentes
1462 845 1586 907 omnes;

263 961 345 1022 certe
368 955 451 1040 quod
475 955 622 1042 opposuit
643 953 822 1022 Huschkius
844 954 1042 1040 (Zeitccbraft
1054 956 1119 1040 fair
1139 954 1374 1040 pesebicbtlc'ebe
1390 953 1586 1018 Recbmmaba.

264 1082 315 1165 10,
333 1081 425 1161 319):
445 1078 588 1148 ‘saetae
603 1081 671 1146 quill
684 1104 790 1168 sapen,
816 1079 897 1162 dosa,
918 1081 1100 1168 uapeaobtet
1116 1081 1173 1144 der
1192 1079 1386 1165 Wicbtiploee't
1401 1080 1457 1142 der
1473 1077 1585 1157 sacae,

257 1204 477 1293 ‘pewdbada'ebe
497 1229 568 1272 nom
588 1208 759 1292 Mapiaorat
779 1219 929 1272 anaante
951 1207 1080 1272 Richter
1102 1208 1160 1270 wie
1180 1207 1216 1269 ia
1234 1208 1318 1270 einer
1337 1201 1515 1294 Geldeucbe
1537 1225 1586 1266 er-

257 1326 429 1412 ‘lconatea²,
452 1330 553 1397 fateor
574 1351 626 1396 me
641 1351 704 1397 non
719 1331 910 1415 intellegere.
945 1329 1026 1396 Nam
1043 1330 1138 1396 iudex
1152 1348 1233 1394 unns
1248 1328 1366 1394 liberae
1381 1329 1427 1394 rei
1442 1326 1587 1414 publicae

261 1474 324 1521 non
352 1461 401 1522 est
428 1454 587 1542 pedaneus
617 1455 733 1522 saeculi
761 1455 912 1540 labentis,
947 1456 1000 1540 qni
1030 1455 1070 1522 de
1096 1453 1269 1520 minoribus
1297 1457 1420 1519 tantum
1449 1457 1588 1519 statuere

181 1559 185 1570 ¹
262 1581 372 1667 possit,
395 1600 495 1666 neque
519 1581 557 1646 de
580 1601 643 1666 qua
665 1581 728 1648 alia
750 1581 857 1647 iudicii
880 1551 981 1647 forma
1003 1580 1107 1663 magis,
1127 1578 1271 1646 sollemni
1293 1579 1431 1662 cogitare
1449 1577 1590 1664 potuerit

263 1704 405 1790 Servius,
435 1706 579 1800 equidem
602 1705 767 1793 perspicio.
806 1705 925 1773 Contra
953 1705 1012 1771 hoe
1040 1704 1136 1770 velim
1165 1704 1286 1787 doceri,
1316 1702 1470 1788 quomodo
1494 1721 1588 1769 excu-

262 1836 348 1897 setur
362 1831 500 1917 primum
515 1831 662 1917 repetitio
683 1831 787 1897 inanis
797 1831 928 1897 ‘iudices
949 1829 1188 1913 cognoscebant,
1210 1829 1307 1916 index
1323 1878 1330 1895 .
1345 1879 1375 1894 ..
1392 1825 1587 1913 quaerebat,

261 1954 374 2023 deinde
396 1954 527 2042 pluralis
551 1955 704 2022 absurdus
727 1956 855 2022 otiaris
878 1955 999 2040 antiqui
1020 1954 1140 2020 formae
1155 1953 1341 2020 contrarius.
1376 1952 1451 2018 Mox
1466 1951 1589 2019 Husch-

261 2079 332 2146 kias
361 2081 479 2166 optime
508 2080 731 2148 animadvertit
752 2081 938 2148 invertenda
961 2099 1029 2147 esse
1052 2078 1205 2145 vocabula
1219 2077 1332 2164 ‘accipi
1356 2083 1411 2144 aut
1430 2075 1524 2162 dari,
1552 2083 1589 2143 ut
1649 2063 1653 2070 ⁵

261 2206 448 2272 conveniant
475 2205 595 2290 reliquo
624 2207 775 2273 orationis
803 2205 915 2274 tenori.
949 2204 1094 2289 Denique
1121 2203 1181 2270 hoc
1205 2203 1269 2269 iam
1298 2207 1442 2268 constare
1463 2201 1588 2269 ridetur
1657 2289 1663 2300 ι

261 2331 294 2397 in
323 2336 463 2397 extremo
493 2332 596 2417 capite
625 2337 698 2398 ante
727 2330 821 2398 verba
838 2331 905 2416 ‘qui
932 2330 1101 2417 stipulatus
1130 2326 1210 2396 erat’
1235 2328 1407 2395 desiderari
1434 2327 1586 2394 dativum.

261 2455 370 2541 Itaque
392 2461 493 2522 totum
516 2461 612 2542 caput
632 2457 678 2523 sie
700 2457 918 2523 restituemus:

394 2579 561 2668 Sponsalia
581 2582 614 2647 in
635 2601 673 2648 ea
696 2585 785 2667 parto
806 2580 931 2665 ltaliae,
956 2601 1035 2667 quae
1057 2578 1183 2646 Latium
1206 2577 1398 2665 appellatur,
1422 2577 1481 2644 hoo
1501 2597 1589 2643 more

396 2711 489 2792 atque
511 2707 579 2773 iure
601 2705 696 2772 solita
723 2705 792 2772 fieri
815 2706 942 2792 scripsit
965 2704 1032 2771 Ser.
1053 2703 1211 2791 Sulpicius
1234 2703 1267 2769 in
1289 2703 1370 2771 libro
1394 2723 1487 2788 quem
1512 2699 1586 2786 [in]

394 2829 522 2916 scripsit
535 2829 574 2898 de
590 2829 724 2897 dotibus.
744 2827 817 2908 ‘Qui
832 2826 987 2914 uxorem’,
1003 2830 1117 2914 inquit,
1128 2828 1291 2895 ‘ducturus
1307 2833 1384 2912 erat,
1402 2827 1441 2894 ab
1457 2848 1493 2893 eo
1506 2805 1589 2893 unde

388 2955 542 3023 ‘ducenda
566 2961 643 3040 crat,
667 2955 877 3042 stipulabatur
900 2975 968 3023 eam
992 2955 1025 3020 in
1048 2953 1285 3020 matrimonium
1309 2950 1432 3037 [datum
1453 2953 1509 3034 iri3
1534 2952 1588 3036 qni

389 3081 531 3147 ‘daturus
555 3087 632 3164 erat,
655 3080 688 3146 id
711 3080 812 3147 eidem
836 3079 1017 3166 spondebat.
1054 3079 1131 3146 Item
1148 3080 1203 3165 qni
1217 3099 1347 3145 uxorem
1364 3076 1493 3144 daturus
1510 3082 1588 3161 erat,

388 3205 441 3273 tab
464 3227 500 3274 eo
523 3205 573 3271 cni
596 3225 666 3272 eam
689 3206 820 3272 daturus
844 3209 928 3290 erat,
952 3204 1164 3291 stipulabatur
1187 3225 1257 3270 eam
1278 3205 1312 3270 in
1336 3199 1585 3286 matrimonium]

389 3327 557 3416 ‘duct[u]m
580 3331 635 3411 iri3
666 3327 750 3415 [q]ui
772 3331 921 3397 ducturus
945 3335 1029 3414 erat,
1058 3329 1091 3396 id
1119 3329 1220 3395 eidem
1242 3328 1426 3415 spondebat.
1461 3326 1491 3393 Is
1514 3346 1588 3392 oon-

388 3455 518 3523 ‘tractus
547 3456 785 3543 stipulationum
814 3456 1080 3542 sponsionumque
1109 3453 1271 3521 dicebatur
1292 3449 1477 3541 ‘sponsalia'
1502 3456 1587 3536 tunc,

388 3581 480 3666 ‘quae
494 3582 651 3668 promissa
666 3586 735 3648 erat
744 3577 883 3667 ‘sponsa’
902 3579 1130 3667 appellabatur,
1155 3580 1208 3664 qui
1222 3576 1463 3666 spo[po]nderat
1478 3577 1588 3644 ductu·

388 3704 471 3772 trum
488 3703 658 3793 ‘sponsus'.
695 3705 756 3773 Sed
780 3707 807 3772 si
830 3710 903 3792 post
922 3702 1001 3790 ea[s]
1023 3703 1243 3791 stipulationes
1265 3723 1346 3769 uxor
1367 3723 1431 3769 non
1453 3701 1588 3768 dabatur

388 3829 456 3897 ‘aut
481 3850 544 3897 non
567 3831 754 3915 ducebatur,
783 3831 835 3916 qni
860 3829 1070 3917 stipulabatur
1093 3850 1132 3896 ex
1155 3848 1273 3915 sponsu
1296 3827 1423 3912 agebat3
1455 3824 1586 3911 [iudex]‚

388 3955 494 4040 ‘quam
518 3956 558 4022 ob
578 3977 644 4022 rem
663 3956 738 4023 data
755 3961 922 4042 acceptave
937 3975 1000 4020 non
1017 3958 1110 4039 esset
1134 3952 1317 4039 quaerebat3
1341 3953 1369 4018 si
1391 3951 1470 4018 nihil
1485 3952 1587 4017 iustae

389 4081 514 4148 ‘causae
536 4081 711 4166 videbatur,
734 4081 822 4147 litem
845 4079 979 4166 pecunia
1001 4079 1191 4146 aestimabat
1210 4079 1380 4163 quantique
1403 4076 1589 4143 interfuerat

388 4207 469 4274 ‘eam
493 4225 624 4272 uxorem
642 4203 723 4290 [dari
739 4211 794 4272 aut
809 4203 933 4292 accipi]‚
957 4225 1028 4272 eum
1045 4205 1099 4289 qui
1114 4203 1327 4290 spoponderat
1344 4199 1398 4286 [ei]
1417 4200 1472 4286 qui
1487 4201 1587 4287 stipu-

388 4332 482 4398 ‘latus
506 4336 575 4398 erat
589 4329 839 4398 condemnabat’.
876 4328 971 4414 [Hloo
985 4330 1034 4395 ius
1050 4327 1281 4415 sponsaliorum
1296 4327 1495 4394 observatum
1511 4325 1588 4390 dicit

394 4456 521 4523 Servius
551 4455 590 4521 ad
619 4455 651 4520 id
680 4461 822 4542 tempus,
851 4475 911 4540 quo
940 4455 1052 4521 civitas
1081 4450 1255 4537 univers[o]
1285 4452 1378 4519 Latio
1410 4451 1479 4535 lege
1507 4449 1588 4516 Iulia

393 4581 468 4648 data
491 4585 547 4646 est.
