4142 5817
488 468 561 538 120
867 457 1026 510 ADOLFUS
1045 457 1251 510 oulonuloos
1269 458 1432 510 RUDORFF

574 636 664 715 Quod
688 636 726 702 de
750 637 894 702 examine
918 638 1046 704 testium
1071 636 1214 719 adicitur,
1239 638 1298 703 etei
1320 636 1399 703 nihil
1423 637 1498 703 nori
1520 632 1718 722 suppeditat,
1741 655 1816 701 con·

483 763 591 829 firmat
617 767 723 828 tamen
750 761 885 827 formam
914 765 988 827 ante
1010 760 1218 828 lastinianum
1247 757 1451 842 unitatam⁶‘).
1486 759 1569 827 unde
1598 757 1815 826 observatione

483 909 548 954 non
572 887 667 974 plane
690 886 853 969 indignum
877 886 1010 953 videtur.

1124 1142 1166 1220 V.

575 1329 624 1396 De
654 1332 830 1396 creatione
852 1342 881 1394 et
909 1331 1104 1394 contumacia
1133 1327 1237 1414 capite
1259 1327 1301 1391 97
1331 1326 1385 1392 fol.
1402 1327 1466 1392 217
1492 1326 1569 1393 haee
1598 1326 1814 1412 preferuntur:

663 1463 718 1529 ‘Se'
745 1465 816 1549 qaia
845 1463 940 1528 alteri
965 1465 1134 1548 pecuniam
1162 1459 1347 1544 (δαρεικοὺς
1377 1460 1520 1526 nominat
1546 1458 1817 1588 mptfflibffli’

619 1595 710 1661 Darii
733 1595 918 1662 memoriam
941 1594 1125 1676 referentes)
1148 1608 1289 1660 mutuum
1310 1596 1405 1673 dedit,
1429 1617 1486 1659 aec
1504 1597 1624 1681 pipare
1647 1597 1738 1680 cepit,
1761 1617 1818 1659 aec

552 1751 556 1758 ·
620 1684 785 1797 docabbneut
773 1743 839 1795 tam
851 1730 935 1811 fecit
957 1728 1101 1811 (χάρτας)
1126 1750 1188 1814 quo
1204 1731 1242 1793 de
1258 1728 1359 1793 debito
1377 1728 1530 1813 coufoeeic
1545 1729 1647 1811 fieret,
1671 1729 1727 1792 aad
1749 1751 1819 1793 cam

619 1866 687 1948 fide
711 1863 836 1942 (utura)
861 1876 981 1928 mutam
1005 1866 1035 1927 ea'
1055 1864 1120 1942 dat,
1148 1884 1212 1927 aea
1236 1861 1307 1927 licet
1329 1863 1478 1926 creditori
1500 1883 1515 1925 e
1538 1863 1686 1927 debr'torair
1700 1862 1818 1947 fundae

620 1999 669 2064 cel
684 1952 796 2085 bpibue
819 1998 936 2083 pt‘paue
952 2017 1072 2082 capere,
1098 1999 1249 2082 quonium
1264 1995 1385 2060 debitor
1398 1995 1521 2060 nullam
1539 1999 1569 2060 ci
1584 1998 1705 2082 pr'qnua
1720 1997 1816 2077 dedat,

619 2125 674 2187 red
695 2122 802 2187 tabent
824 2121 904 2208 lepre
927 2122 1111 2186 mediocrem
1133 2121 1304 2206 quodquod
1323 2124 1442 2206 pipare
1465 2122 1581 2206 ceperat
1601 2121 1740 2185 reddere.
1775 2121 1819 2186 od

621 2246 790 2311 debitorem
812 2257 859 2310 ter
880 2245 1087 2329 reprodiutur.
1129 2246 1242 2309 deiude
1261 2257 1348 2331 patet
1369 2247 1423 2309 oia
1445 2245 1596 2310 aedom
1617 2257 1769 2331 quautam
1790 2246 1821 2310 ei

621 2371 748 2436 debetur
770 2365 938 2455 ceipendi'.

576 2501 645 2568 Hoc
672 2505 768 2588 caput
794 2502 931 2589 primum
956 2520 992 2566 eo
1021 2500 1150 2566 nomine
1177 2500 1282 2566 notari
1309 2504 1464 2584 meretur,
1494 2499 1578 2585 qued
1606 2500 1819 2568 instrumenta

489 2646 569 2713 quae
585 2626 687 2692 medic
704 2645 780 2692 aeuo
796 2625 974 2691 conieeeatu
988 2625 1055 2690 eive
1070 2623 1303 2708 guarentigiata
1314 2623 1498 2690 dicebantur
1513 2630 1547 2691 et
1560 2645 1693 2710 quorum
1709 2625 1818 2692 eodem

489 2772 566 2818 aevo
595 2749 867 2835 frequentissimae
895 2767 971 2814 usus
1002 2752 1085 2831 erat,
1114 2749 1179 2813 iam
1203 2747 1311 2833 quinto
1339 2747 1464 2814 saecule
1493 2753 1587 2833 atque
1612 2750 1647 2815 in
1675 2748 1818 2836 partitur

489 2874 694 2942 orientalibus
716 2879 861 2960 paratam
885 2872 1101 2940 executionem
1123 2871 1271 2938 habuisse
1293 2873 1513 2958 comperimus.

534 3028 537 3034 ·
579 2999 701 3066 Deinde
717 2997 947 3065 obseruandum
963 3001 1011 3063 est
1026 2995 1290 3082 quemadmodum
1306 2997 1465 3064 decretum
1482 2996 1547 3064 divi
1561 2995 1661 3064 Marci
1673 2995 1722 3078 (L.
1736 2995 1818 3065 131>

490 3124 573 3210 quod
595 3128 698 3190 metue
722 3141 817 3189 causa
841 3119 885 3206 [4‚
902 3120 953 3206 2]‚
982 3120 1018 3186 L.
1037 3123 1055 3185 7
1073 3119 1102 3186 D
1126 3120 1167 3186 ad
1188 3118 1290 3203 legem
1313 3119 1424 3186 lulium
1446 3122 1488 3188 de
1510 3123 1543 3187 vi
1565 3122 1691 3208 privata
1712 3123 1768 3206 47,
1785 3123 1817 3203 7)

490 3249 529 3315 ad
557 3251 755 3334 praesentem
785 3250 901 3313 etatum
936 3245 1198 3312 accommodetur.
1236 3265 1338 3330 neque
1370 3247 1453 3312 enim
1488 3246 1666 3313 inconsulto
1699 3246 1817 3312 motum

490 3393 558 3439 esse
582 3372 717 3438 dixerim
740 3369 825 3456 quod
847 3369 987 3456 pigneris
1011 3390 1074 3434 non
1086 3369 1136 3436 'ab
1159 3369 1229 3456 ipso
1245 3369 1386 3436 debitore
1401 3369 1469 3435 dati
1483 3371 1541 3437 sed
1555 3391 1614 3436 ena
1633 3371 1818 3438 auctoritate

490 3497 575 3583 eapti
596 3496 826 3583 possessionem
842 3499 966 3560 tantum
982 3494 1149 3560 restituere
1166 3493 1303 3560 creditor
1317 3495 1453 3578 iubetur,
1477 3501 1587 3560 contra
1607 3465 1686 3560 iuris
1708 3493 1819 3562 crediti

491 3620 655 3687 amittendi
678 3640 718 3685 ne
733 3619 828 3685 verbe
851 3618 977 3703 quidem
1000 3619 1257 3685 commemoratio
1272 3617 1316 3684 fit
1352 3619 1408 3685 aed
1422 3638 1489 3686 rem
1505 3619 1578 3686 inde
1600 3617 1819 3705 explicandam

491 3750 579 3831 pute,
603 3744 685 3829 quod
709 3741 908 3809 orientalium
932 3743 1166 3828 provinciarum
1189 3743 1332 3828 pacatior
1347 3763 1441 3828 quam
1463 3741 1703 3810 occidentalium
1718 3747 1818 3808 etatae

491 3870 567 3953 fuit,
594 3869 628 3934 in
652 3867 764 3953 quibus
787 3866 912 3933 labente
935 3866 1149 3952 dissolutoque
1170 3867 1304 3953 imperio
1328 3868 1536 3934 severissimis
1559 3867 1709 3934 adverene
1730 3868 1819 3933 inva-

491 4013 577 4060 eores
601 3991 722 4076 legibus
747 4011 825 4076 opue
849 4010 917 4057 ecee
944 3987 1161 4073 videbatur⁵⁶).
1195 4011 1254 4058 nec
1276 3998 1383 4058 movet
1404 3991 1488 4076 quod
1511 3997 1543 4058 et
1564 3991 1649 4058 Zeno
1673 3997 1706 4058 et
1726 3990 1819 4057 lueti-

491 4119 604 4184 nianns
629 4117 667 4183 de
689 4114 888 4181 invasoribus
905 4121 937 4181 et
960 4115 1212 4200 pigneratoribue
1227 4116 1312 4200 leges
1334 4112 1617 4202 proposuerunt‘⁷).
1653 4115 1712 4182 hae
1734 4116 1819 4182 enim

492 4263 572 4327 qnae
586 4241 709 4329 pridem
727 4244 845 4306 statuta
859 4239 987 4306 fuerunt
1002 4240 1045 4306 ad
1059 4246 1160 4306 certae
1176 4245 1299 4307 tantum
1315 4241 1446 4326 speciae,
1469 4240 1567 4308 veluti
1586 4239 1634 4307 rei
1648 4240 1819 4307 conductae

490 4367 708 4448 retentionem,
732 4363 980 4431 accommodant

580 4560 614 4624 ⁵⁶>
639 4556 947 4624 Betbmunn·H011weg,
967 4555 1026 4610 Oiv.
1039 4556 1083 4610 Pr.
1096 4556 1135 4610 111
1153 4573 1180 4626 p.
1194 4557 1255 4612 ΥΠ.

579 4665 613 4730 ⁵⁶)
636 4661 937 4731 Nov.val.1118,1.2
956 4663 997 4729 (a
1011 4661 1072 4716 440.
1085 4662 1164 4728 441).
1197 4661 1325 4718 Edictum
1344 4661 1508 4718 Theoderici
1524 4667 1575 4717 art
1588 4663 1631 4717 10.
1661 4661 1724 4729 Lex
1741 4661 1818 4716 Rom.

490 4771 606 4840 Bnrg.8
624 4767 659 4823 de
676 4767 822 4823 violentiis.
850 4766 1157 4837 Bethmann·Hollweg,
1176 4768 1235 4824 (tiu.
1248 4769 1292 4823 Pr.
1306 4768 1346 4824 ΙΙΙ
1362 4785 1390 4838 p.
1403 4768 1465 4823 328.

579 4876 613 4942 ⁵⁷)
637 4875 667 4930 L.
681 4874 725 4929 34.
752 4873 782 4928 C.
802 4873 837 4928 de
854 4873 944 4929 locato
961 4875 987 4944 4,
1001 4873 1045 4928 65.
1070 4874 1185 4929 Norba
1203 4889 1226 4929 c.
1239 4875 1263 4929 1.
1288 4873 1357 4929 Nou.
1372 4874 1424 4928 134
1441 4888 1465 4927 c.
1476 4874 1501 4928 7.
