4142 5817
466 519 514 590 92
926 507 1136 563 nuuooonus
1155 508 1338 570 riemann,

696 685 787 731 ueritus
803 687 870 741 0222
1272 686 1387 740 lllplsns
1401 687 1422 731 l.
1431 685 1501 730 xxn
1516 686 1546 729 erl
1561 685 1673 730 Sabim

464 809 609 874 (Masurius
622 807 740 864 Sabinus
752 807 858 864 iniuria
869 808 957 864 civilis
970 807 1102 873 secundo)
1366 781 1404 840 ⁰³·
1417 782 1456 829 Η
1468 781 1505 839 ⁵⁹
1517 781 1588 840 Μ)

463 916 543 986 signa
560 929 669 985 quoque
687 919 716 969 et
733 913 879 983 carbones,
898 912 998 984 quibus
1019 911 1102 968 contl-
1155 911 1244 982 Ligna
1266 917 1295 966 et
1317 910 1449 966 carbones
1471 917 1632 983 ceteraque,
1656 927 1706 982 per
1723 927 1794 983 quae

463 1025 570 1076 ceretur
587 1036 689 1090 penus,
708 1019 872 1089 quibusdam
891 1019 1000 1089 (quibus
1019 1020 1100 1086 aaa.)
1152 1033 1242 1088 penus
1259 1015 1447 1086 conficeretur,
1466 1033 1502 1073 an
1516 1019 1613 1088 penori
1624 1019 1717 1088 legato
1729 1033 1793 1074 oon·

464 1129 504 1182 ait
520 1126 607 1183 videri
624 1127 652 1180 in
670 1139 743 1193 penu
762 1139 831 1180 esse.
1154 1124 1299 1192 tineantur,
1313 1123 1460 1191 quaeritur.
1488 1124 1687 1190 munacius
1699 1129 1728 1180 ot
1739 1122 1794 1180 ou·

602 1211 605 1218 ’
1153 1229 1207 1284 lius
1224 1228 1408 1297 negaverunt:
1426 1244 1482 1284 non
1499 1231 1684 1299 magisqnam
1696 1230 1793 1300 molae,

747 1320 816 1374 paor
1153 1334 1287 1404 inquiunt,
1304 1335 1485 1390 continentur.
1512 1334 1588 1389 idem
1606 1340 1635 1389 et
1651 1339 1793 1391 tusetce

463 1445 505 1499 De
523 1447 596 1514 peirn
614 1440 823 1497 adscribendum
842 1441 990 1497 boeotiam
1006 1440 1102 1512 putavi
1154 1455 1200 1494 ras
1217 1439 1350 1494 contineri
1362 1443 1540 1509 negaverunt.
1568 1438 1624 1494 Sed
1635 1440 1754 1496 Rutilius
1764 1443 1794 1495 et

463 1548 521 1605 Ser.
540 1547 689 1617 Sulpicium
711 1548 740 1602 in
762 1547 934 1617 reprehensis
953 1546 1101 1602 Scaevolae
1153 1545 1229 1615 ligna
1236 1549 1266 1600 et
1274 1543 1492 1615 carbones,qnae
1501 1561 1555 1600 uon
1562 1545 1701 1601 vendendi
1709 1560 1794 1600 causa

463 1653 599 1725 capitibus
623 1653 764 1724 scripsisse
783 1651 850 1708 Sato
868 1653 947 1708 Aelio
964 1651 1101 1723 placuisse
1154 1656 1251 1719 perata
1273 1656 1351 1720 sunt,
1378 1651 1511 1706 contineri
1533 1651 1581 1706 ait.
1617 1649 1681 1706 Sex.
1700 1653 1793 1706 antem

462 1776 517 1815 non
535 1775 606 1828 quae
625 1760 683 1814 esni
702 1764 730 1813 et
747 1760 823 1829 potui
844 1757 946 1826 forent,
969 1757 1019 1812 sed
1037 1757 1101 1812 thus
1155 1756 1289 1812 Caecilius
1307 1757 1390 1811 mam
1407 1761 1501 1842 tuslet
1517 1771 1612 1811 cereos
1625 1757 1793 1812 indomesti-

463 1880 572 1935 quoque
584 1870 613 1920 et
623 1880 717 1919 cereos
730 1865 757 1918 in
769 1880 842 1934 penu
855 1879 926 1933 esse,
941 1863 1015 1932 quod
1027 1868 1102 1918 esset
1154 1877 1216 1916 oum
1227 1878 1305 1916 usum
1317 1869 1428 1931 paratos
1441 1862 1573 1917 contineri
1584 1863 1676 1930 legato
1688 1861 1792 1916 scribit.

462 1972 520 2026 cius
531 1975 580 2036 (sic
588 1971 660 2034 Par,
670 1975 745 2024 esset
754 1986 808 2024 non
818 1970 950 2034 eiusVnt,
961 1983 1015 2024 non
1027 1974 1102 2023 esset

463 2077 521 2132 eius
539 2077 620 2142 lictu)
638 2074 723 2130 ferme
741 2076 780 2130 rei
798 2089 883 2130 causa
903 2080 1099 2144 comparatum.

462 2289 521 2356 His
559 2290 642 2355 inter
680 2309 714 2355 se
748 2290 938 2376 comparatis
972 2287 1166 2371 intellegitur
1204 2288 1336 2355 eundem
1373 2287 1482 2354 Sabini
1516 2292 1686 2355 macutum
1724 2292 1791 2354 tam

462 2413 634 2500 Ulpianum
649 2433 744 2498 qnam
761 2412 896 2478 Gellium
921 2416 994 2479 ante
1009 2411 1115 2478 oculos
1137 2411 1286 2479 habuisse
1308 2418 1340 2479 et
1356 2413 1440 2498 qnod
1462 2411 1514 2478 bic
1536 2413 1582 2479 ait
1604 2411 1792 2497 quibusdam

463 2538 563 2604 videri
584 2537 657 2602 thus
681 2541 713 2603 et
734 2556 840 2602 cereos
863 2537 989 2622 penoris
1013 2556 1092 2620 esse,
1116 2556 1151 2603 eo
1173 2535 1344 2620 significari
1358 2536 1512 2603 Rutilium
1534 2542 1590 2603 ant
1611 2535 1714 2602 solum
1737 2541 1792 2602 aut

462 2681 534 2728 cnm
557 2661 627 2728 aliis
651 2680 729 2746 quos
752 2661 943 2744 ignoramus,
970 2680 1042 2726 cum
1065 2660 1257 2726 contrarium
1280 2659 1451 2746 placuisset
1473 2658 1702 2744 antiquioribus
1724 2658 1791 2747 ple-

461 2786 579 2870 risque,
602 2785 636 2850 in
658 2784 707 2849 his
723 2784 758 2861 Q.
773 2780 874 2850 Mucio
891 2787 922 2850 et
938 2783 1039 2851 Ofilio.
1074 2782 1161 2850 llaec
1182 2783 1299 2850 babent
1321 2783 1458 2869 aliquam
1482 2783 1651 2851 utilitatem
1674 2784 1714 2850 ad
1736 2784 1790 2850 de-

461 2908 630 2976 finiendam
655 2913 789 2974 aebtem
805 2907 925 2991 Rutilii,
949 2908 1003 2992 qui
1026 2914 1191 2994 praeterea
1212 2907 1359 2974 landatur
1374 2907 1422 2974 bis
1438 2908 1478 2974 ab
1493 2907 1629 2993 Ulpiano
1645 2909 1678 2974 in
1699 2907 1790 2974 libris

462 3033 502 3100 ad
519 3032 670 3100 Sabinum
693 3037 725 3098 et
747 3031 788 3097 ad
811 3032 947 3098 edictum
968 3031 1020 3113 (D.
1034 3033 1065 3116 7,
1082 3032 1113 3116 8,
1131 3033 1183 3115 10,
1199 3033 1230 3096 3.
1254 3033 1310 3115 43,
1325 3032 1379 3115 27,
1394 3033 1423 3114 l,
1437 3033 1479 3113 1).
1514 3031 1596 3097 Nam
1620 3051 1692 3097 cum
1714 3031 1790 3098 cite-

461 3163 514 3223 tur
537 3177 556 3223 a
577 3155 732 3222 Massurio
757 3154 873 3220 Sabino
897 3159 1024 3221 auctore
1053 3155 1165 3221 aetatis
1189 3155 1391 3238 Tiberianae,
1421 3156 1490 3241 ipse
1517 3159 1623 3222 auum
1646 3149 1790 3222 videatur

462 3281 648 3346 dissensisse
672 3300 690 3344 a
712 3278 748 3356 Q.
765 3278 868 3344 llluoio
897 3279 1024 3344 consule
1048 3299 1076 3344 a.
1098 3301 1129 3345 u.
1152 3299 1178 3345 c.
1196 3280 1277 3362 669,
1307 3299 1441 3364 quocum
1464 3278 1574 3346 Ofilius
1604 3280 1672 3346 sine
1694 3280 1789 3346 dnbio

462 3404 660 3490 componitur
674 3421 738 3468 non
757 3407 821 3468 tam
846 3408 974 3488 propter
998 3408 1133 3469 aeuum
1157 3422 1252 3487 quam
1267 3407 1396 3488 propter
1412 3423 1608 3488 consensum,
1632 3407 1688 3469 aut
1702 3403 1789 3470 Cice-

459 3529 548 3594 ronis
571 3526 710 3612 aequalis
725 3525 820 3591 inerit
835 3545 962 3592 necesse
978 3532 1026 3592 est
1042 3532 1097 3592 aut
1110 3525 1261 3610 Augusti,
1285 3527 1391 3609 itaque
1406 3527 1465 3594 boo
1479 3532 1564 3594 certe
1579 3533 1703 3594 constat
1717 3548 1789 3594 eum

461 3671 525 3718 non
551 3651 649 3716 fuisse
677 3649 811 3716 alterum
839 3654 947 3715 utrum
974 3649 1137 3716 consulum
1165 3650 1299 3716 duorum
1321 3648 1356 3715 P.
1378 3650 1568 3717 Rutiliornm
1595 3651 1714 3718 liberae
1742 3651 1789 3718 rei

462 3773 605 3861 publicae
628 3793 781 3840 annornm
805 3773 870 3838 649
893 3778 925 3840 et
949 3775 1022 3840 664.
1058 3774 1194 3840 Rutilius
1218 3778 1323 3840 autem
1345 3775 1390 3857 is,
1419 3776 1507 3840 cuius
1533 3775 1567 3840 in
1590 3780 1728 3841 tractatu
1750 3774 1788 3841 de

461 3899 610 3966 nundinis
626 3897 770 3964 meminit
784 3895 960 3964 Macrobius
978 3897 1161 3981 (sat.1,16,
1177 3899 1248 3979 34);
1272 3898 1348 3964 item
1371 3904 1498 3984 praetor
1512 3897 1547 3964 P.
1564 3898 1711 3990 Rutilius,
1735 3899 1788 3985 qui

461 4022 590 4090 sustulit
617 4022 770 4088 actionem
806 4042 845 4087 ox
879 4020 1136 4108 stipulationibus
1171 4021 1349 4087 onerandas
1381 4021 1536 4088 libertatis
1569 4042 1666 4088 eausa
1695 4022 1787 4088 factis

462 4146 514 4226 (D.
531 4147 584 4230 38,
601 4148 632 4230 2,
650 4147 680 4228 1,
698 4147 729 4225 1)
754 4150 785 4211 et
806 4145 983 4211 introduxit
1003 4145 1158 4211 bonorum
1181 4145 1391 4211 venditionem
1421 4151 1453 4212 et
1476 4147 1632 4212 actionem
1656 4145 1788 4211 Rutilia·

460 4291 535 4336 nam
565 4269 646 4344 (Gai.
668 4271 706 4351 4,
728 4267 800 4352 35),
834 4271 969 4336 fortasse
997 4270 1092 4335 etiam
1121 4269 1376 4334 constitutionem
1405 4269 1504 4336 edidit
1529 4270 1617 4336 cuius
1644 4270 1788 4336 meminit

460 4393 600 4459 lulianus
615 4392 807 4458 Rutilianam
830 4393 913 4473 (vat.
931 4393 969 4458 ir.
987 4391 1006 4474 ξ
1023 4395 1072 4474 1);
1096 4393 1230 4476 denique
1244 4391 1380 4459 Rutilius
1395 4391 1552 4459 Maximus
1574 4394 1614 4477 is,
1637 4395 1725 4460 cuius
1747 4415 1787 4459 ex

460 4517 540 4582 libro
569 4515 722 4599 singulari
751 4517 791 4581 ad
817 4514 918 4599 legem
939 4515 1113 4582 Falcidiam
1142 4517 1251 4596 (laum
1275 4538 1302 4582 a.
1319 4537 1349 4582 n.
1367 4536 1393 4583 c.
1411 4517 1488 4597 714)
1519 4523 1663 4603 superest
1689 4537 1785 4584 unum

460 4644 556 4725 caput
576 4640 610 4704 iu
626 4639 755 4722 digestis
779 4641 946 4724 (30,125),
970 4661 1047 4706 num
1070 4641 1186 4706 diversi
1210 4641 1274 4706 sint
1295 4646 1360 4707 um
1384 4642 1467 4707 inter
1483 4661 1518 4708 se
1533 4661 1627 4726 qnam
1644 4642 1683 4709 ab
1697 4641 1787 4708 Ruti·

460 4763 502 4831 lio
525 4783 578 4848 eo,
602 4783 694 4848 quem
717 4764 794 4830 citat
815 4763 985 4850 Ulpianus,
1008 4784 1122 4849 neone,
1146 4764 1248 4831 adhuc
1270 4763 1394 4835 definiri
1415 4785 1478 4831 nou
1502 4766 1614 4852 potuit.
1638 4801 1680 4811 -
1699 4765 1785 4832 ‘Son

461 4885 627 4955 Caecilius’
650 4886 868 4971 Digestorum,
892 4886 986 4956 Gellii
1010 4894 1115 4954 autem
1133 4885 1241 4956 ‘Satus
1263 4885 1384 4955 Aelins’
1409 4890 1536 4956 omnino
1559 4895 1618 4972 est,
1642 4889 1724 4956 sicut
1745 4890 1787 4956 ad
