4142 5817
381 494 429 545 AD
447 493 568 546 LEGUM
586 495 831 548 SAEOULARIUM
850 497 1080 548 conspertum
1099 497 1224 548 curlus
1241 497 1441 549 IUDIOIARIA.
1502 506 1573 576 111

249 673 375 741 nonnisi
397 673 482 740 intre
505 672 609 742 sulam
632 674 671 741 ab
700 674 871 744 artificibus
895 675 1045 762 palatinis
1067 672 1231 757 fierent²²).
1271 696 1363 760 quem
1390 676 1491 760 legem
1515 696 1576 762 quo

249 799 318 866 iuro
332 797 512 866 Holoender
535 805 567 865 ot
581 798 757 867 Russardus
781 801 900 867 Iustino
925 801 1127 868 attribuerint
1148 807 1181 868 et
1195 799 1294 866 Leoni
1318 800 1576 886 abiudicoverint,

249 924 312 990 iam
334 922 432 991 libelli
457 921 605 992 beneficio
629 925 744 991 clarius
766 926 945 1013 perspicere
967 925 1050 992 licet

889 1229 931 1305 Π.

338 1411 480 1481 Secundo
495 1413 563 1480 loco
579 1434 619 1480 no
634 1413 799 1498 maturius,
823 1433 902 1482 neve
917 1413 1050 1498 tordius,
1072 1413 1126 1481 sod
1144 1433 1201 1482 suo
1216 1419 1357 1500 ternpore
1372 1415 1512 1483 actiones
1525 1418 1575 1483 in·

250 1538 422 1606 stituantur
445 1537 545 1606 tribus
568 1538 723 1626 capitibus
750 1517 910 1625 provisum
935 1544 992 1606 est.

337 1639 586 1731 Primum'enim
608 1664 642 1730 n
665 1663 797 1730 uticus
815 1663 878 1730 125
900 1663 953 1730 f01.
971 1663 1034 1730 sot
1049 1684 1077 1729 v.
1098 1663 1176 1731 uses
1197 1662 1347 1748 regemn:

381 1785 437 1856 ‘Sc'
458 1793 528 1875 quie
552 1790 645 1856 alces·
665 1803 806 1856 mutomn
828 1792 913 1856 dedit
928 1792 1084 1876 pecum'oc
1104 1812 1258 1855 somonam
1280 1804 1309 1856 ct
1330 1791 1575 1858 insecutionem

381 1916 468 1980 dedit
488 1937 543 1981 see
564 1918 716 1980 mensium
738 1917 789 1982 die
812 1913 1020 2001 (προθεσμίᾳ)
1048 1938 1081 1981 oe
1101 1917 1300 1982 redditurum
1322 1937 1400 1997 csse,
1428 1918 1577 1983 creditori

382 2049 469 2115 uos
490 2050 711 2117 residuum
725 2063 797 2117 aete
811 2053 894 2118 eum
909 2053 1039 2136 esoce.
1073 2003 1223 2117 sidaec
1237 2052 1319 2116 een
1334 2053 1456 2137 tepere
1470 2052 1573 2133 acue,

381 2187 463 2241 sorte
507 2169 658 2241 rdoator’.

248 2297 332 2366 unde
351 2198 546 2384 intellegilur
567 2319 627 2385 quo
649 2305 791 2386 tempore
808 2298 1006 2367 Constantini
1028 2298 1194 2366 Theodosii
1215 2305 1247 2366 et
1266 2297 1382 2365 Leonis
1402 2298 1487 2383 leges
1510 2297 1574 2366 col·

248 2422 348 2492 lectoe
363 2430 447 2509 sunt,
459 2424 594 2493 Zenonis
610 2424 710 2509 legem
725 2424 862 2491 nondum
880 2425 986 2496 dotem
1001 2424 1108 2492 fuisse.
1142 2445 1216 2491 neon
1231 2427 1305 2510 post
1323 2424 1405 2490 benc
1417 2424 1521 2508 legem
1537 2442 1574 2491 eo

247 2553 372 2617 tuntum
386 2549 501 2617 domno
517 2551 739 2618 coercebantur
750 2549 980 2636 praematurios
991 2554 1145 2636 petentes,
1157 2555 1193 2616 ut
1207 2548 1340 2616 alterum
1354 2554 1478 2616 tanum
1493 2553 1574 2616 tern-

154 2724 160 2734 .
248 2693 309 2761 pos
324 2679 492 2761 expectere
507 2674 698 2759 iuberentur,
710 2679 746 2742 ut
760 2675 863 2742 medio
879 2681 1020 2760 tempore
1034 2695 1147 2741 usuros
1162 2695 1225 2741 noo
1237 2674 1425 2760 acciperent,
1440 2674 1575 2758 denique

248 2803 285 2866 ut
298 2798 458 2886 impensas
473 2799 588 2887 prioris
604 2800 818 2867 conventionis
834 2799 1023 2866 adversariis
1039 2800 1205 2866 restituere
1219 2798 1378 2866 deberent.
1405 2819 1463 2866 nec
1477 2799 1575 2866 refert

249 2928 322 2991 onte
344 2923 428 2992 diem
444 2925 514 3010 quis
538 2945 579 2992 an
599 2930 672 2992 ante
693 2897 907 2992 condicionem
928 2923 1039 3008 egerit,
1054 2944 1126 2991 eum
1141 2925 1328 3011 praesertim
1342 2923 1387 2990 ibi
1402 2943 1443 2991 ne
1457 2924 1575 2990 existet
1661 3013 1665 3020 ι

249 3048 375 3133 quidem
398 3047 558 3136 obligatio,
586 3049 663 3118 odeo
685 3055 721 3118 ut
743 3049 882 3117 indebite
904 3049 1042 3117 solutum
1064 3068 1133 3117 esse
1155 3055 1187 3117 et
1209 3049 1332 3117 condici
1352 3069 1446 3136 posse
1466 3048 1574 3116 uideo·

248 3169 351 3257 tur²⁸).
386 3195 462 3242 nom
484 3179 516 3242 et
529 3174 720 3242 lustiuienus
742 3176 775 3242 in
790 3174 1040 3242 institutionibus
1058 3179 1201 3261 tempore
1222 3174 1294 3262 plns
1315 3174 1383 3262 peti
1402 3173 1449 3241 sic
1463 3172 1575 3241 delinit

243 3296 376 3386 ‘siquis
399 3304 472 3368 ente
494 3300 579 3367 diem
599 3300 649 3367 vel
672 3305 744 3367 onte
766 3299 980 3368 condicionem
1002 3295 1195 3387 petierit’'‘).
1234 3307 1345 3367 contre
1365 3305 1470 3368 venre
1492 3299 1572 3384 inre,

192 3421 194 3426 ’
249 3423 332 3511 quod
354 3425 494 3492 nondum
517 3431 575 3509 est,
598 3425 753 3493 inutiliter
775 3425 901 3512 quidem
922 3425 998 3512 peti,
1022 3445 1131 3492 verum
1154 3429 1260 3492 tomen
1282 3425 1424 3494 consumi
1446 3445 1509 3492 nou
1525 3425 1572 3490 vi·

248 3547 390 3635 debetur,
402 3551 458 3618 sed
471 3551 530 3618 etsi
543 3556 615 3618 onte
626 3548 785 3637 expletam
797 3549 1011 3617 condicionem
1026 3551 1160 3638 petitum
1173 3556 1265 3635 esset,
1277 3556 1393 3634 minen,
1404 3555 1573 3638 postquam

248 3675 388 3742 condicio
418 3676 590 3760 exstiterit,
618 3675 715 3742 nihilo
743 3675 843 3742 secius
872 3695 981 3742 rursus
1010 3676 1077 3764 peti
1099 3680 1237 3762 poteret,
1265 3695 1328 3742 non
1351 3675 1496 3743 obstante
1518 3695 1573 3742 ex·
1636 3743 1641 3752 ,

248 3801 392 3886 ceptione
414 3801 496 3886 quod
519 3801 558 3869 de
579 3823 615 3868 re
637 3799 734 3868 semel
757 3804 862 3868 ectum
876 3800 1088 3868 iudicetumve
1103 3801 1154 3886 sit,
1179 3801 1327 3886 quoniam
1342 3799 1462 3868 scilicet
1479 3805 1573 3868 anteo

247 3925 335 3993 nullo
357 3928 408 3993 re's
430 3925 528 3996 fuisse
550 3921 844 4008 existimabaturssl.

337 4085 371 4152 υ)
395 4083 462 4142 con.
480 4084 548 4141 nso.
569 4086 741 4156 11,11(12).

335 4191 368 4258 ²⁸)
391 4191 423 4246 L.
437 4192 546 4248 16-18
563 4192 598 4248 Ι).
616 4191 652 4249 de
669 4191 750 4248 cond.
762 4190 819 4248 iud.
838 4193 892 4263 (12,
905 4193 942 4259 6).

335 4297 370 4365 ²⁴)
394 4299 458 4364 §32
475 4299 497 4354 Ι.
515 4297 550 4355 de
568 4303 621 4354 oct.
641 4299 695 4369 (41,
708 4299 745 4367 6).

333 4403 367 4471 ²⁶)
392 4405 424 4460 L.
433 4405 468 4460 36
486 4404 520 4460 D.
534 4404 568 4460 de
581 4405 661 4460 solut.
675 4405 729 4476 (46,
742 4406 770 4471 3)
793 4405 825 4460 L.
839 4405 873 4460 13
891 4403 937 4469 §5
954 4402 989 4460 D.
1001 4401 1037 4459 de
1048 4403 1124 4474 pigo.
1136 4403 1192 4474 (20,
1204 4403 1232 4470 1)
1255 4402 1336 4458 ΜΒ
1353 4401 1399 4467 (9
1413 4401 1448 4458 D.
1460 4399 1496 4457 <le
1507 4399 1570 4458 sed.

245 4509 290 4566 ed.
308 4511 362 4581 (ΙΙ,
376 4513 412 4578 1).
440 4525 510 4581 quos
527 4511 603 4567 locos
620 4526 682 4566 curn
700 4510 869 4567 Schraderus
886 4509 922 4566 sd
941 4510 1003 4575 533
1020 4509 1043 4565 L
1062 4509 1097 4565 de
1109 4501 1161 4565 sot.
1181 4509 1218 4578 (4,
1230 4510 1258 4574 6)
1275 4509 1316 4564 its
1327 4508 1571 4580 accepissetque

245 4621 323 4673 octor
339 4615 375 4672 eb
387 4617 494 4673 actione
506 4617 666 4688 destitisset,
683 4619 738 4673 isrn
750 4617 852 4674 rectius
864 4617 973 4687 Krflger
983 4615 1088 4672 Ztscbr.
1100 4614 1145 4672 for
1155 4616 1188 4670 Β.
1200 4615 1235 4672 G.
1247 4615 1308 4686 Vll,
1326 4632 1354 4687 p.
1364 4616 1418 4672 235
1435 4616 1476 4672 sic
1487 4616 1570 4672 inter·

244 4727 376 4796 pretatur,
393 4727 426 4780 nt
442 4722 516 4780 idem
533 4723 656 4780 obtinere
673 4728 753 4794 putet
770 4723 878 4779 etiamsi
896 4723 992 4794 egerit
1019 4721 1055 4779 cl.
1072 4724 1104 4779 L.
1116 4724 1153 4778 ss
1163 4723 1199 4777 D.
1217 4721 1253 4778 de
1268 4723 1301 4778 Β.
1314 4721 1347 4779 0.
1364 4724 1460 4793 (12,1)
1477 4723 1510 4778 L.
1522 4739 1569 4779 un.

245 4830 337 4896 ΙΙΙ).
355 4829 465 4901 quaudo
483 4829 543 4887 dies
560 4829 660 4887 ususfr.
679 4831 715 4902 (t,
727 4831 765 4899 3).
798 4829 871 4886 idem
889 4833 982 4886 temen
1000 4829 1075 4901 quod
1092 4828 1146 4886 beo
1161 4829 1252 4900 posito
1268 4829 1427 4885 colvenum
1444 4845 1570 4886 consum·

244 4936 345 5008 ptionis
362 4937 452 4994 locum
470 4935 623 4994 conlectum
642 4951 704 4994 esse
723 4941 804 5009 putot
822 4939 859 5008 (p.
872 4937 945 5007 237),
963 4937 1076 4993 nimium
1094 4935 1268 5000 contendisse
1285 4935 1402 4993 videtur.
1435 4951 1498 4992 usur
1516 4937 1569 4993 etsi
