4142 5817
686 507 734 560 nn
753 507 877 560 enrrru
896 507 967 560 nuo
986 507 1171 559 ersmers.
1543 514 1590 584 93

262 684 466 769 Digestorum
482 685 584 752 looum
602 686 779 752 observavit
793 683 976 770 Maiensius,
994 685 1033 752 ad
1048 684 1184 753 Gellium
1199 683 1394 768 Perizonius,
1409 683 1593 750 notissimus

263 809 336 876 Sex.
352 809 463 877 Aelius
487 808 583 876 Catus
607 809 716 876 oonsul
739 831 766 876 a
784 831 815 874 u.
835 829 861 878 e.
880 810 962 893 5563
987 830 1081 897 quem
1103 810 1227 905 saeeulo
1251 814 1324 874 ante
1347 807 1530 874 Scaevolam
1554 809 1592 874 de

262 953 380 1020 penore
401 935 447 1002 ita
470 934 664 1020 disputasse,
681 937 729 1001 'ut
756 934 828 1000 thus
859 953 982 1020 quoque
1011 939 1044 1001 et
1071 935 1154 1001 aerei
1181 954 1257 1000 num
1285 933 1320 998 iu
1347 951 1466 1018 penore
1489 934 1593 998 esseut

262 1057 442 1144 dispiceret,
467 1037 653 1126 documento
676 1064 725 1125 est
747 1059 948 1144 prudentiam
963 1057 1139 1125 Romanam
1163 1063 1195 1123 et
1216 1063 1354 1124 creatam
1379 1062 1411 1122 et
1425 1056 1592 1122 formatam

263 1201 331 1250 esse
353 1181 564 1276 nonjlabente
586 1181 687 1249 libera
710 1203 744 1249 re
767 1181 903 1283 publiea,
927 1183 982 1249 sed
1001 1181 1146 1250 florente:
1170 1182 1258 1248 auius
1273 1181 1397 1264 generis
1412 1179 1593 1246 testimonia

263 1306 322 1372 etsi
344 1325 409 1372 non
432 1306 558 1373 omnino
582 1305 745 1392 deficiunt,
773 1311 879 1374 tamen
904 1307 987 1390 quod
1010 1304 1197 1392 plausuum
1221 1305 1280 1371 hoo
1302 1325 1471 1398 componas
1493 1325 1591 1370 unum

262 1429 336 1496 novi
359 1429 519 1498 Ciceronis
542 1432 583 1497 ad
605 1432 788 1498 Trebatium
812 1431 1009 1517 epIstolium,
1038 1430 1121 1514 quod
1144 1430 1327 1498 vicesimum
1350 1429 1519 1497 seeundum
1544 1434 1593 1494 est

260 1553 335 1621 libri
358 1554 565 1640 epistularum
589 1556 629 1622 ad
650 1555 822 1622 familiares
842 1554 979 1641 septimi
1013 1554 1179 1641 Adseripsi
1195 1552 1363 1639 epistulam
1378 1559 1493 1634 totam3
1516 1573 1590 1618 nam

262 1683 295 1744 et
316 1678 421 1746 brevis
445 1686 494 1746 est
508 1683 540 1746 et
554 1679 652 1746 utilis.
684 1679 843 1747 ‘Mluseras
857 1678 950 1763 heri’,
974 1677 1083 1746 Gieero
1098 1678 1218 1761 seribit,
1228 1677 1324 1744 ‘Inter
1339 1677 1484 1764 scyphos,
1508 1675 1591 1760 quod

256 1801 411 1871 ‘diuorum
436 1804 683 1871 controversiam
706 1825 791 1889 esse,
814 1809 962 1891 possetne
984 1803 1086 1887 heres,
1110 1803 1195 1887 quod
1215 1803 1337 1868 lurtum
1359 1805 1453 1868 antea
1473 1800 1591 1866 fartum

256 1925 361 2011 ‘esset
383 1929 461 1995 furti
476 1931 561 1995 reate
577 1948 678 2012 egere.
714 1927 833 2013 Itaque,
858 1929 917 1996 etsi
932 1929 1059 1995 domum
1076 1927 1154 1994 bene
1169 1931 1263 2013 potus
1278 1945 1411 2012 seroque
1425 1924 1591 2007 redieram,

255 2051 376 2118 ‘mmen
397 2052 431 2118 id
446 2057 562 2139 eaput,
574 2052 628 2119 ubi
643 2052 720 2119 haee
735 2053 948 2120 oonuoversia
964 2059 1021 2136 est,
1044 2052 1152 2118 notari
1176 2059 1209 2119 et
1223 2051 1417 2138 descriptum
1430 2049 1490 2115 tibi
1507 2047 1591 2131 misi,

255 2175 304 2242 ‘ut
326 2177 422 2243 seires
445 2177 478 2242 id
495 2175 579 2261 quod
594 2181 628 2242 tu
643 2177 801 2244 neminem
817 2178 953 2244 sensisse
969 2177 1095 2244 dicebas
1111 2175 1183 2244 Sex.
1197 2176 1325 2244 Aelium
1340 2174 1393 2241 M'.
1411 2173 1464 2256 (M.
1481 2172 1590 2253 roden)

255 2297 433 2368 ‘Manilium
448 2299 491 2366 M.
502 2299 637 2366 Brutum
652 2301 798 2368 sensisse.
832 2301 900 2386 Ego
924 2306 1030 2368 tamen
1048 2300 1215 2367 &novolae
1237 2307 1270 2368 et
1284 2301 1397 2366 Testae
1414 2292 1590 2364 assentior’.

259 2423 330 2490 Non
353 2425 431 2492 satis
455 2425 622 2508 diligenter
638 2425 717 2493 haee
736 2425 813 2510 legit
827 2425 1018 2511 Husohkius,
1044 2427 1096 2511 qui
1121 2426 1156 2516 id
1177 2431 1272 2512 eaput
1293 2429 1342 2491 ter
1363 2422 1487 2490 rettulit
1508 2422 1591 2488 inter

259 2547 409 2634 reliquias
431 2548 583 2616 librorum
608 2549 680 2646 Ser.
696 2549 782 2616 Aelii
803 2547 856 2616 M'.
875 2549 998 2616 Manilii
1020 2550 1062 2616 M.
1078 2549 1181 2634 Bruti,
1208 2550 1316 2616 omisit
1336 2549 1420 2614 inter
1443 2545 1592 2631 reliquias

260 2672 445 2758 Soaevolae,
478 2693 549 2740 eum
583 2674 695 2740 referri
730 2673 895 2760 oportebat
922 2675 1005 2741 Inter
1033 2673 1196 2758 Muciano,
1229 2674 1314 2740 inter
1340 2672 1465 2739 iMorum
1495 2669 1592 2736 trium

260 2803 424 2864 suetorum
458 2798 635 2882 fragmenta
670 2798 773 2865 omitti
808 2804 863 2865 aut
896 2803 1021 2884 poterat
1054 2804 1111 2864 aut
1144 2799 1280 2865 fortasse
1316 2797 1460 2865 debebat
1510 2794 1592 2880 Nam

260 2926 368 3008 aperte
390 2921 500 2989 Gioero
524 2922 661 2989 domum·
675 2942 820 2989 reversus
848 2942 945 2989 unum
970 2922 1071 2990 solum
1095 2923 1242 2989 volumen
1265 2921 1397 3005 evolvit,
1427 2920 1482 2987 ubi
1506 2919 1592 2984 ‘oon-

251 3043 427 3113 ‘noverria'
455 3067 493 3113 ea
520 3045 621 3114 relata
634 3074 637 3080 ¹
650 3047 711 3113 ruit
740 3046 965 3133 opinionesque
993 3047 1252 3132 proponebantur
1281 3052 1313 3112 et
1340 3045 1437 3112 trium
1464 3043 1592 3110 illorum

221 3234 225 3242 .
260 3167 422 3237 suetorum
446 3177 478 3238 et
501 3170 684 3253 Scaevolam
708 3170 788 3238 liber
811 3176 928 3254 autem,
950 3171 1033 3238 unde
1057 3171 1251 3256 descriptum
1273 3175 1369 3256 eaput
1388 3169 1497 3235 Gioero
1519 3187 1590 3234 oum

258 3292 308 3360 his
330 3293 446 3361 litteris
469 3294 557 3362 misit
571 3295 695 3378 Testae,
720 3295 769 3362 vel
791 3301 922 3381 propter
943 3299 1122 3381 temporum
1140 3295 1279 3361 rationes
1294 3312 1358 3360 uon
1374 3297 1481 3380 potest
1494 3292 1592 3357 fuisse
1688 3366 1692 3375 ¹

258 3418 321 3485 nisi
349 3439 429 3485 unus
459 3439 499 3486 ex
530 3419 637 3486 deoem
667 3425 699 3486 et
726 3425 795 3486 ooto
819 3418 988 3486 Soaevolue
1012 3420 1051 3486 de
1073 3419 1142 3486 iure
1164 3418 1261 3487 eivili.
1304 3417 1474 3484 Scaevolae
1495 3416 1592 3499 igitur

258 3541 336 3609 haee
363 3549 438 3610 sunt
466 3544 587 3630 omnia,
616 3559 710 3629 quem
740 3543 836 3611 etiam
867 3542 992 3610 aliunde
1018 3549 1144 3611 oonstat
1165 3543 1333 3626 diligenter
1356 3541 1499 3608 attulisse
1522 3539 1591 3626 opi-

257 3667 367 3734 niones
390 3667 549 3754 priorum:
578 3669 625 3736 ita
649 3667 688 3734 de
709 3668 779 3766 lege
801 3668 912 3734 Atinia
942 3689 1039 3752 agens
1061 3667 1181 3736 Gellius
1207 3669 1294 3751 17,7
1320 3665 1431 3733 soribit
1456 3665 1516 3730 sio:
1540 3662 1589 3740 ‘Q

123 3865 127 3874 ,
250 3790 417 3860 ‘Scaevola
444 3799 567 3880 patrem
598 3789 699 3859 suum'
726 3792 893 3873 (nimirum
916 3792 951 3860 P.
976 3793 1159 3860 Soaevolam
1183 3791 1343 3858 oonsulem
1369 3811 1398 3856 a.
1415 3810 1446 3855 u.
1463 3808 1489 3855 e.
1507 3786 1590 3869 621)

249 3915 305 3984 “et
317 3915 452 3983 Brutum
475 3922 507 3983 et
522 3916 687 3984 Manilium
706 3918 789 3984 viros
813 3918 956 4004 apprime
979 3917 1087 3984 doetos
1109 3917 1269 4003 quaesisse
1291 3915 1336 3982 ait
1359 3913 1592 3996 dubitasseque,

259 4029 409 4108 utrumne
437 4042 472 4107 in
500 4047 573 4127 post
595 4040 681 4108 faeta
701 4042 794 4107 modo
817 4042 903 4108 furta
925 4041 977 4108 lex
1005 4041 1126 4128 valeret
1147 4062 1187 4106 an
1211 4041 1308 4107 etiarn
1329 4039 1363 4104 in
1387 4043 1461 4104 ante
1482 4033 1591 4120 faota’,

257 4184 317 4232 neo
344 4165 444 4248 magis
468 4164 606 4232 dubitari
628 4167 1004 4251 potestoontroversiam
1031 4166 1115 4232 inter
1136 4163 1171 4230 P.
1192 4162 1374 4231 Soaevdem
1399 4169 1431 4230 et
1452 4158 1590 4227 Meua-

257 4289 370 4356 nilium
393 4294 426 4355 et
446 4288 488 4356 M.
505 4288 657 4374 Brutum,
686 4296 796 4377 partus
826 4291 959 4358 ansillae
987 4291 1071 4356 sitne
1097 4289 1132 4355 in
1154 4289 1258 4356 fruotu
1287 4287 1466 4369 habendus,
1495 4304 1591 4370 quam

259 4413 341 4479 siout
362 4412 485 4498 reliqua
507 4415 574 4480 eius
596 4415 720 4498 generis
742 4414 877 4482 libenter
900 4434 934 4481 se
956 4413 1070 4497 legisse
1093 4412 1203 4479 Gieero
1227 4410 1385 4496 signifieat
1407 4409 1465 4491 (de
1487 4407 1540 4473 fin.
1560 4411 1590 4492 1,

257 4537 370 4623 4,12),
392 4535 507 4622 legisse
530 4559 600 4605 eum
625 4539 695 4604 non'
711 4539 796 4625 apud
818 4538 874 4604 hos
897 4539 994 4626 ipsos,
1018 4538 1074 4604 sed
1090 4537 1222 4604 relatam
1247 4535 1331 4623 apud
1346 4534 1381 4612 Q.
1396 4531 1588 4601 Soaerolum.

256 4659 402 4746 Denique
424 4682 495 4729 eum
519 4662 564 4728 ait
585 4662 778 4748 Pomponius
801 4662 836 4729 Ρ.
853 4663 992 4730 Mueium
1016 4670 1048 4730 et
1070 4661 1203 4728 Brutum
1226 4666 1259 4726 et
1280 4659 1446 4726 Manilium
1473 4659 1522 4724 ius
1545 4657 1589 4722 ei-

256 4784 319 4852 uile
341 4785 537 4871 fundavisse,
567 4787 602 4866 Q.
618 4771 759 4854 Mucium
781 4793 886 4854 autem
909 4788 1048 4874 primum
1076 4786 1110 4851 id
1132 4785 1333 4853 constituisse
1359 4781 1534 4868 generatim
1555 4781 1589 4847 in

256 4908 354 4976 libros
376 4909 478 4977 XVIII
500 4910 688 4996 redigendo,
715 4911 828 4979 merito
857 4911 932 4978 inde
957 4909 1141 4994 colligemus
1163 4909 1282 5006 liberae
1303 4909 1350 4976 rei
1366 4906 1518 4994 'publioae
1539 4905 1589 4971 ius
