4142 5817
368 518 416 568 AD
434 516 556 569 LEGUM
574 515 819 569 SAECULARIUM
839 517 1070 569 consueram
1089 517 1214 570 cartre
1231 519 1431 571 IUDICIARIA.
1493 529 1565 600 117

322 696 446 764 Deinde
466 716 540 762 vero
565 701 712 782 quattuor
735 696 891 762 mensium
913 697 964 763 die
987 701 1124 778 initiam,
1148 720 1212 763 noa
1227 701 1326 782 finem
1347 698 1413 765 litis
1437 699 1567 767 demen-

235 821 346 904 strari‚
377 821 555 907 (perpaucis
583 820 800 886 tantummodo
823 821 925 887 causis
948 821 1017 887 iure
1041 822 1177 904 quodam
1199 819 1390 905 singulari‘¹)
1414 825 1567 910 exceptis)

235 965 413 1013 nuncnova
432 945 611 1010 testimonio
628 945 860 1031 comprobatur.
896 965 959 1030 qua
981 945 1019 1012 de
1034 965 1070 1012 re
1084 946 1254 1014 novissime
1277 947 1373 1035 etiam
1389 946 1567 1015 dubitatum

236 1077 298 1155 est,
328 1089 517 1156 quamquam
545 1069 608 1135 iam
639 1074 732 1135 antea
755 1073 950 1155 compertum
973 1076 1056 1153 erat,
1080 1069 1337 1138 Valentinianum
1360 1071 1488 1139 tertium
1513 1072 1567 1139 illo

234 1201 377 1281 tempore
394 1194 468 1280 ‘quo
491 1195 576 1259 intra
598 1199 733 1292 quatuor
754 1214 878 1260 menses
895 1194 1057 1260 institutas
1081 1193 1194 1276 (actor)
1214 1209 1348 1282 peroptat
1368 1191 1565 1278 actiones⁴')’

235 1319 417 1404 neutiquam
441 1318 538 1385 totius
560 1316 626 1384 litis
649 1318 746 1384 vitam
771 1319 1065 1405 circumscripsisse,
1090 1338 1185 1404 quam
1208 1340 1246 1386 ea
1268 1321 1339 1406 ipsa
1360 1319 1429 1404 lege
1451 1321 1568 1388 tricen-

198 1525 203 1534 .
235 1443 338 1510 nalem
362 1463 431 1510 esse
453 1437 639 1520 iusserat⁴³).

323 1566 436 1634 Cetera
457 1568 490 1632 in
514 1571 679 1676 numerato
703 1570 786 1631 sunt.

322 1690 403 1758 Nam
432 1691 527 1757 ferias
556 1691 668 1758 messis
697 1689 990 1775 vindemiarumque
1015 1690 1087 1776 ipsa
1116 1690 1260 1758 oratione
1288 1691 1386 1758 Marci
1416 1699 1566 1781 exceptas

232 1815 339 1900 fuisse,
362 1815 534 1902 Ulpianum
558 1821 717 1882 auctorem
740 1810 982 1895 habebamus⁴⁴).
1102 1872 1106 1878 .

323 1939 415 2006 Diem
439 1940 777 2026 exspectandum-esse
804 1939 837 2004 in
861 1939 910 2004 his
934 1939 1110 2005 actionibus
1134 1959 1214 2024 quae
1238 1939 1450 2027 ’προθεσμίας
1473 1939 1566 2025 ergo’

234 2063 443 2130 instituuntur
470 2085 529 2131 nec
557 2069 651 2130 antea
679 2063 947 2129 denuntiationem
977 2062 1046 2129 fieri
1075 2069 1221 2149 oportere
1255 2069 1385 2150 propter
1411 2070 1568 2132 retentum

234 2187 306 2274 plns
329 2189 458 2275 petendi
480 2189 655 2275 periculum
677 2207 805 2254 neeesse
829 2191 905 2254 erat.
942 2207 1004 2272 qua
1028 2187 1067 2253 de
1089 2209 1124 2254 re
1146 2207 1245 2274 supra
1271 2187 1407 2255 seeundo
1437 2189 1568 2256 articulo

235 2313 312 2379 satis
336 2313 454 2379 dictum
479 2319 535 2380 est.

323 2437 412 2516 Quod
436 2439 474 2506 de
497 2443 675 2525 temporum
699 2456 810 2520 eursu,
840 2436 878 2502 de
900 2435 1154 2522 reparationibus
1178 2436 1451 2503 denuntiationum
1475 2438 1569 2505 etde

234 2563 370 2630 secundo
380 2563 474 2650 lapsu
488 2563 648 2650 profertur
664 2561 762 2645 alege
774 2560 974 2626 Constantini
989 2579 1072 2625 anno
1085 2562 1150 2626 316
1164 2560 1304 2627 Viennae
1315 2561 1390 2627 data
1404 2566 1566 2649 sumptum

156 2755 159 2762 ,
235 2706 302 2753 esse
325 2707 417 2754 nemo
440 2708 505 2754 non
527 2683 663 2768 videt⁴‘).

321 2811 466 2897 Denique
489 2811 671 2896 dilationes,
699 2811 766 2876 sive
788 2809 885 2875 trinm
909 2809 976 2875 sive
999 2829 1056 2875 sex
1079 2808 1146 2876 sire
1169 2829 1282 2876 novem
1304 2810 1477 2897 mensium,
1506 2813 1566 2878 etsi

233 2937 316 3003 inter
340 2937 457 3003 medies
481 2936 733 3004 denuntiationes
762 2938 1065 3018 commemorantur,
1094 2938 1201 3000 tamen
1229 2954 1293 3000 non
1320 2935 1566 3003 denuntiationis

234 3065 358 3148 tempus
381 3066 540 3148 spectant,
570 3061 625 3127 sed
651 3059 932 3126 instrumentorum
960 3059 1130 3126 testiumve
1158 3060 1442 3143 conquirendomm
1471 3080 1567 3127 causa

322 3237 357 3302 ⁴¹)
382 3237 456 3292 Inter
473 3251 545 3305 quae
563 3241 627 3290 sunt
647 3238 670 3290 l.
690 3235 745 3289 doli
763 3235 835 3289 aetio
854 3238 883 3289 et
900 3234 928 3288 in
946 3234 1083 3302 integrum
1102 3235 1239 3290 restitutio
1256 3236 1315 3290 L.l
1335 3234 1365 3291 C.
1378 3235 1430 3291 Th.
1449 3235 1484 3291 de
1503 3235 1566 3292 dolo

234 3343 306 3397 malo
325 3344 429 3412 (215).
444 3373 474 3382 -
495 3343 557 3396 112
576 3342 606 3397 C.
619 3340 671 3395 Th.
690 3339 725 3394 de
743 3339 792 3394 int.
811 3341 912 3408 (2,16).
950 3341 974 3393 2.
996 3337 1104 3394 fiscales
1122 3355 1222 3394 causae
1240 3340 1302 3395 L.3
1321 3341 1351 3396 0.
1365 3341 1417 3397 Tb.
1437 3341 1471 3396 de
1489 3342 1565 3400 dilat.

234 3449 269 3518 (2,
284 3449 320 3516 t).
346 3449 407 3502 me
426 3447 456 3504 O.
469 3447 520 3502 Tb.
541 3447 575 3502 de
594 3446 656 3502 adv.
676 3444 735 3500 fisci
754 3446 881 3516 (10,15).
914 3434 1218 3516 Betbmann·Hollweg
1234 3447 1251 3501 l.
1265 3462 1289 3501 c.
1307 3463 1371 3517 pag.
1385 3449 1437 3502 237
1456 3453 1512 3504 not.
1523 3449 1565 3504 15.

233 3570 296 3625 pag.
309 3554 360 3610 195
379 3554 544 3610 11014341.

321 3661 355 3728 ⁴²)
378 3659 472 3718 Verba
489 3663 554 3714 sunt
571 3657 695 3714 novellae
713 3657 781 3726 legis
800 3655 985 3712 Valentiniani
1003 3657 1043 3712 Ill
1055 3658 1090 3712 34
1107 3659 1143 3722 (a.
1152 3657 1217 3724 452)
1235 3659 1306 3722 514.

321 3767 355 3833 ⁴⁸)
378 3766 449 3822 Nov.
462 3766 523 3822 Vel.
542 3764 581 3820 Ill
598 3765 633 3818 34
651 3763 696 3818 eit.
722 3764 785 3827 §13
804 3757 948 3828 (Edictum
968 3761 1131 3818 Theoderici
1148 3779 1209 3833 cap.
1226 3765 1284 3831 12).
1313 3763 1397 3819 ‘Sane
1420 3765 1492 3819 sicut
1514 3785 1566 3819 noa

233 3875 360 3941 coeptam
377 3872 450 3927 intra
466 3871 629 3928 tricennium
648 3867 798 3938 quamlibet
816 3883 927 3922 carrsam
943 3869 1081 3925 vetuimus
1099 3869 1228 3938 inchoari,
1247 3871 1376 3939 itaquae
1393 3875 1566 3927 contestatae

233 3978 287 4033 litis
306 3978 423 4047 sumpsit
440 3977 581 4032 exordium
596 4007 626 4014 —
643 3975 714 4030 intra
733 3974 828 4028 eadem
848 3979 973 4044 tempora
989 3974 1165 4030 terminetur?
1200 3976 1325 4045 Accedit,
1343 3976 1517 4046 quodetiam
1535 3978 1565 4033 in

233 4082 460 4154 appellationibus
477 4081 574 4137 fatales
593 4080 652 4136 dies
671 4079 786 4135 eandem
804 4083 970 4149 potestatem
988 4079 1104 4136 habent:
1128 4081 1195 4137 (lod.
1207 4082 1312 4137 Theod.
1325 4083 1366 4136 xl
1379 4083 1414 4137 31
1434 4082 1469 4138 de
1485 4098 1564 4152 repa-

97 4145 101 4154 ·
125 4189 129 4196 ⁴
232 4188 385 4246 rationibus
397 4189 617 4258 appellationum.
642 4187 678 4242 32
690 4185 725 4241 de
737 4185 858 4242 secundo
871 4187 958 4256 lapsu.
985 4187 1202 4242 Betbm.·Hollw.
1217 4187 1275 4242 (liv.
1288 4189 1332 4241 Pr.
1345 4187 1562 4258 inpacatos.

321 4297 355 4362 ⁴⁴)
378 4293 439 4364 Ulp.
458 4294 535 4349 lib.4
553 4294 588 4348 de
607 4291 734 4348 omnibus
752 4291 933 4348 tribunalibus
952 4293 982 4346 L.
998 4294 1012 4347 1
1031 4309 1073 4362 pr.
1087 4294 1121 4347 D.
1140 4293 1175 4347 de
1194 4292 1242 4348 fer.
1262 4295 1298 4363 (2,
1313 4294 1366 4358 121.

322 4402 357 4467 ⁴⁶)
379 4400 607 4456 L.10.Tb.de
629 4405 782 4468 temporum
807 4415 887 4452 errrsrr
912 4402 942 4453 et
964 4399 1183 4468 reparationibus
1204 4399 1441 4454 denuntiationum
1461 4401 1506 4471 (2,
1520 4401 1563 4463 6).

234 4507 310 4563 ‘Cum
325 4507 409 4562 semel
428 4508 567 4576 negotium
580 4506 624 4561 vel
644 4506 807 4560 necessitate
819 4505 863 4559 vel
882 4519 944 4560 cum
962 4505 1132 4576 temporibus
1151 4503 1233 4559 fuerit
1250 4509 1397 4574 exemtum,
1417 4521 1450 4559 ac
1466 4510 1565 4574 postea

232 4629 283 4684 per
300 4612 497 4681 indulgentiam
519 4611 680 4666 clementiae
699 4615 808 4665 nostae
827 4611 1023 4680 redintegratio
1041 4617 1207 4682 praestetur,
1231 4613 1303 4666 intra
1316 4616 1438 4680 ,quatuor
1456 4627 1564 4667 menses

233 4719 379 4774 iudicantis
397 4717 538 4773 arbitrium
556 4717 739 4787 litigatoribus
757 4716 882 4786 praeberi
901 4723 1024 4788 oportet,
1045 4719 1128 4773 etiarn
1147 4719 1171 4772 si
1188 4733 1238 4787 per
1255 4717 1443 4787 obreptionem
1462 4717 1564 4786 aliquid

234 4824 348 4880 anobis
366 4826 465 4879 iterata
483 4825 681 4893 supplicatione
699 4823 863 4879 meruerint.¹
894 4823 957 4878 Dat.
976 4824 1065 4893 pridie
1082 4824 1152 4880 Non.
1164 4824 1242 4893 Maii,
1260 4825 1397 4894 Viennae,
1416 4822 1518 4879 Sabino
1536 4828 1566 4878 et

232 4929 331 4987 Rufino
349 4946 419 4987 coss.
439 4931 521 4997 (316).
