4142 5817
323 1817 524 1926 Communio
544 1858 730 1942 studiorum,
753 1877 834 1942 quae
855 1859 953 1924 totius
971 1865 1098 1928 nostrae
1113 1860 1197 1927 vitae
1220 1865 1252 1927 et
1272 1859 1374 1926 laetae
1396 1858 1490 1924 decus
1513 1863 1562 1924 est

233 1988 265 2051 ιι
288 1981 421 2048 afflictae
444 1981 606 2065 solacium,
635 2001 706 2048 cum
729 1982 802 2049 huie
825 1982 989 2068 scriptioni
1012 1985 1206 2051 occasionem
1229 1982 1361 2064 dederit,
1386 1982 1489 2048 visum
1512 1986 1561 2048 est

232 2107 371 2190 selegens
394 2106 609 2191 quaestionem
631 2106 783 2193 positam,
807 2111 843 2172 ut
863 2106 910 2172 ita
932 2107 1052 2192 dicam,
1075 2108 1109 2174 in
1132 2105 1265 2174 confinio
1289 2106 1404 2173 artium
1426 2105 1560 2171 duarum

232 2235 265 2298 et
290 2231 336 2296 ita
365 2236 595 2315 comparatam,
625 2235 661 2296 ut
686 2231 753 2296 eins
775 2230 980 2317 pertractatio
1003 2231 1044 2296 ad
1067 2232 1236 2318 prudentes
1259 2232 1379 2319 pariter
1401 2249 1560 2314 gramma-

231 2342 373 2440 ticosque
401 2360 433 2420 et
459 2353 533 2419 olim
563 2355 751 2441 pertinuerit
778 2361 810 2421 et
836 2374 920 2420 nunc
947 2357 1106 2441 pertinere
1130 2357 1286 2438 videatur3
1315 2375 1388 2422 nam
1413 2375 1469 2438 ego
1493 2353 1560 2422 sive

232 2479 323 2546 alteri
346 2478 410 2545 utri
433 2479 499 2544 sive
520 2478 625 2545 neutri
648 2478 755 2562 generi
779 2479 975 2564 accensebcr,
998 2480 1057 2546 hac
1081 2481 1186 2547 media
1208 2480 1285 2546 mihi
1308 2480 1393 2546 risus
1417 2499 1488 2545 sum
1510 2484 1559 2545 tu·

231 2604 372 2671 tissimus
395 2601 450 2668 ire.

319 2727 493 2794 Favorinus
517 2724 694 2810 Gellianus,
724 2726 982 2794 scholasticorum
1013 2717 1126 2795 aetitia
1148 2727 1329 2794 Hadrianae
1352 2725 1444 2794 facile
1471 2726 1559 2812 prin·

231 2872 305 2939 ceps
327 2852 582 2936 minutorumque
607 2855 796 2917 zetematum
818 2872 950 2936 magnus
966 2851 1116 2936 Achilles,
1140 2853 1222 2919 inter
1245 2851 1317 2936 alia,
1341 2871 1421 2936 quae
1436 2869 1475 2917 ex
1491 2851 1558 2917 eius

230 2976 398 3064 disciplina
412 2974 532 3041 Gellius
548 2974 680 3059 rettulit,
703 2975 798 3041 etiam
821 2975 861 3042 de
880 2996 998 3062 penore
1018 2976 1102 3062 apud
1124 2997 1195 3042 eum
1210 2976 1352 3063 disputat
1365 2975 1438 3042 libri
1454 2975 1559 3062 quarti

230 3100 334 3187 capite
357 3100 459 3186 primo
483 3103 515 3165 et
536 3099 753 3166 adversarium
774 3100 879 3166 nescio
903 3119 994 3184 quem
1018 3098 1143 3166 conficit
1165 3098 1357 3183 argumentis
1380 3119 1419 3166 ex
1442 3099 1555 3166 intima

229 3223 398 3310 prudentia
420 3222 537 3309 petitis.
573 3222 661 3302 Quod
685 3228 780 3309 caput
802 3243 874 3289 cum
896 3243 997 3309 nuper
1019 3244 1076 3309 pro
1092 3223 1263 3310 specimine
1286 3243 1385 3289 novae
1408 3223 1554 3289 editionis

230 3347 323 3415 Gellii
351 3346 521 3414 multorum
549 3347 632 3413 rotis
661 3346 778 3413 dudum
811 3347 1000 3431 efflagitatas
1027 3347 1195 3430 diligenter
1227 3347 1267 3413 od
1294 3347 1392 3414 libros
1419 3347 1554 3434 scriptos

200 3545 212 3554 ,
230 3477 375 3539 exactum
397 3471 597 3557 proposuerit
610 3470 765 3538 Martinus
779 3470 927 3538 Hertzius
942 3470 1170 3538 Breslaviensis
1187 3477 1275 3538 vetus
1292 3471 1410 3538 amicus
1431 3477 1464 3538 et
1485 3470 1554 3538 feli·

229 3597 349 3663 ciornm
371 3601 547 3680 temporum
571 3615 712 3662 meorum
735 3595 867 3678 sodalis,
897 3596 943 3661 ita
970 3599 1006 3660 nt
1028 3595 1122 3661 simul
1145 3595 1314 3682 prudentes
1338 3596 1487 3662 invitaret
1513 3595 1553 3661 ad

229 3741 287 3787 sna
308 3720 531 3806 perpendenda
553 3725 585 3786 et
606 3719 660 3785 ubi
682 3740 761 3806 opus
789 3726 873 3786 esset
894 3720 1110 3804 retractanda,
1139 3739 1218 3805 quae
1247 3720 1325 3786 mihi
1352 3721 1385 3786 in
1414 3724 1552 3792 mentem

229 3851 381 3911 venerunt
395 3843 591 3930 comparanti
607 3841 751 3909 Gelliana
765 3843 842 3909 haec
856 3863 927 3908 cum
942 3842 1035 3909 titulo
1050 3843 1251 3925 Digestorum
1263 3840 1314 3910 ‘de
1329 3863 1412 3930 penu
1426 3839 1552 3928 legata’,

229 3968 282 4054 qui
304 3967 516 4055 paenultimus
540 3972 588 4033 est
608 3966 682 4034 libri
705 3967 859 4050 trigesimi
881 3967 967 4033 tertii
988 3987 1090 4053 nuper
1105 3988 1124 4033 a
1139 3987 1189 4034 me
1210 3967 1362 4050 recogniti
1385 3971 1417 4034 et
1438 3977 1553 4054 prope'·

228 4092 310 4159 diem
334 4091 459 4178 publice
473 4091 639 4178 prodituri,
661 4091 725 4157 iam
746 4110 930 4176 proponam.
965 4089 1047 4156 Sunt
1062 4091 1143 4156 enim
1160 4090 1238 4157 haec
1251 4111 1353 4175 neque
1368 4096 1432 4157 tam
1448 4091 1553 4158 tristia

226 4221 259 4282 et
281 4220 416 4299 austera,
439 4222 475 4280 ut
497 4236 516 4280 a
538 4215 611 4280 festi
633 4215 696 4280 diei
710 4214 870 4280 hilaritate
885 4215 1020 4281 arcenda
1037 4215 1212 4299 rideantur,
1235 4235 1336 4300 neque
1355 4215 1402 4282 its
1415 4214 1498 4280 levia
1520 4219 1552 4281 ιι

225 4339 351 4426 pusilla,
375 4346 411 4406 ut
432 4338 620 4405 abhorreant
643 4359 663 4404 a
683 4338 855 4424 tranquilla
878 4342 1038 4404 senectute
1056 4338 1171 4404 summi
1187 4338 1247 4404 viri
1263 4345 1335 4425 post
1348 4339 1432 4406 vitae
1447 4339 1552 4405 taedia

226 4468 375 4550 superata
397 4463 460 4529 iam
483 4463 682 4547 quiescentis,
705 4463 761 4528 sed
777 4461 882 4546 qualia
897 4462 1023 4528 credere
1039 4462 1140 4547 possis
1150 4461 1229 4534 ¹Sex.
1245 4461 1373 4529 Aelium
1389 4469 1420 4530 et
1434 4463 1468 4528 P.
1483 4461 1551 4530 Μι-

226 4588 308 4653 cium
336 4589 369 4652 in
398 4587 528 4652 honesto
558 4587 701 4652 villarum
737 4587 801 4651 otio
829 4585 1133 4652 confabulationibus
1162 4593 1193 4653 et
1219 4586 1364 4653 iucundis
1393 4593 1426 4654 et
1452 4588 1551 4655 doctis

226 4731 297 4776 cum
320 4711 430 4776 amicis
455 4715 666 4796 pertractasse
691 4708 765 4776 liliis
792 4709 990 4776 audientibus
1013 4709 1173 4793 magistris
1197 4711 1310 4777 futuris
1333 4731 1396 4776 non
1422 4731 1550 4778 suorum

224 4833 358 4900 illiorum
382 4839 516 4917 tantum,
539 4835 593 4900 sed
617 4835 712 4900 etiam
735 4835 861 4901 nostris.

313 4957 417 5025 Penus
438 4957 522 5025 unde
544 4959 660 5043 veniat,
683 4958 717 5024 in
736 4958 902 5025 verbcmm
918 4959 1056 5042 origines
1079 4958 1133 5044 qui
1156 4959 1319 5044 inquirunt
1342 4959 1443 5026 adhuc
1465 4965 1551 5026 certa
