4142 5817
518 596 521 605 ι
569 514 665 568 usos
682 514 758 569 nnn
775 505 936 570 museus
954 516 1161 571 nnuuscnss
1179 517 1325 569 monus.
1591 528 1612 599 9

283 694 386 780 Wald,
402 693 521 779 Weide,
538 693 666 763 Wasser
688 695 753 761 und
769 692 931 762 Wistenei
954 696 988 763 in
1011 696 1068 763 der
1091 693 1326 762 Gemeinschait
1347 694 1453 763 bleibt
1490 695 1531 762 So
1555 697 1616 765 wie

285 819 359 888 aber
376 822 444 886 eine
467 819 572 886 solche
587 818 921 904 Rechtsvertnderung
936 820 1002 887 sich
1018 840 1080 886 nur
1095 819 1193 886 durch
1209 819 1265 886 das
1279 819 1493 887 Herkommen
1508 821 1615 917 bilden

283 945 402 1013 konnte
430 944 495 1011 und
521 944 618 1011 daher
640 944 728 1011 nicht
751 944 948 1029 gleichzeitig
969 944 1034 1010 und
1057 943 1226 1028 allgemein
1248 944 1474 1029 durohgefirhrt
1495 946 1613 1031 wurde,

284 1089 318 1136 so
342 1068 425 1136 blieb
454 1068 533 1135 auch
556 1069 612 1152 da,
640 1090 688 1135 wo
712 1089 746 1135 ee
773 1068 963 1153 geschehen,
994 1068 1073 1135 doch
1096 1068 1184 1135 nicht
1205 1068 1305 1136 selten
1329 1070 1385 1135 das
1407 1068 1615 1137 Bewnlstsein

284 1194 339 1261 des
362 1193 482 1261 elteren
500 1192 730 1260 Verhiltnisses
752 1194 811 1260 wie
834 1194 903 1261 eine
918 1194 1121 1279 Erinnerung
1143 1214 1184 1259 an
1206 1193 1273 1278 das,
1296 1214 1362 1260 was
1385 1194 1550 1278 cigentlich
1573 1217 1614 1263 zu

283 1317 383 1385 Recht
405 1318 554 1385 beetehen
577 1317 678 1402 sollte,
703 1318 837 1403 zuriick,
859 1319 925 1405 und
949 1318 1046 1385 daher
1068 1319 1188 1386 erkltrt
1209 1318 1291 1403 sich,
1315 1316 1384 1384 daie
1406 1339 1498 1403 man,
1523 1338 1615 1386 wenn

284 1442 335 1509 die
356 1440 576 1525 Ungieichhoit
597 1442 652 1508 des
674 1440 918 1511 Privatbesitzes
943 1463 983 1509 zu
1006 1441 1092 1526 grols
1113 1442 1281 1527 geworden
1305 1442 1380 1509 oder
1402 1443 1472 1509 eine
1495 1442 1614 1510 Grenz-

287 1568 482 1651 verwirrung
503 1567 537 1632 in
552 1566 608 1632 der
622 1564 793 1633 Feldmark
814 1567 1008 1651 eingetreten
1025 1587 1101 1650 war,
1125 1566 1240 1633 wieder
1263 1586 1336 1632 zum
1350 1565 1489 1633 Melsseil
1504 1565 1614 1654 (Reep)

284 1690 361 1775 griff
380 1690 445 1757 und
467 1692 501 1755 in
523 1690 585 1757 den
614 1690 857 1757 verschiedenen
882 1690 1037 1776 Sohlagen
1061 1711 1122 1757 von
1143 1690 1263 1757 Neuem
1285 1687 1464 1757 Loostheile
1490 1691 1542 1757 fiir
1564 1692 1615 1759 die

285 1813 484 1881 Hofbeaitzer
517 1814 688 1881 iestsetzte.
733 1814 810 1880 Ein·
830 1815 994 1882 dtnisches
1022 1814 1219 1882 Gesetzbuch
1248 1815 1289 1895 (v.
1311 1814 1342 1880 J.
1361 1815 1459 1896 1240)
1494 1815 1616 1882 enthtlt

285 1938 419 2006 dardher
442 1938 514 2005 sehr
537 1958 656 2021 genaue
672 1936 927 2024 Vorschriften³),
951 1940 1026 2008 aber
1050 1939 1129 2007 auch
1152 1960 1209 2005 aus
1232 1940 1318 2006 einer
1340 1938 1535 2007 baierischen
1555 1937 1614 2005 Ur·

286 2062 390 2129 kunde
414 2063 573 2129 erkennen
595 2063 664 2147 wir,
687 2062 755 2129 dats
779 2064 860 2130 noch
883 2065 926 2132 im
950 2064 1153 2131 dreizehnten
1176 2032 1446 2132 Jutrhunoers‘in
1459 2062 1615 2129 Deutsoh·

285 2186 359 2253 land
383 2186 433 2253 die
455 2186 657 2271 Erionerung
686 2208 725 2253 an
755 2188 805 2255 die
834 2188 1108 2256 alterthtimlichen
1135 2186 1405 2266 Rechtszustlnde
1431 2187 1519 2255 nicht
1544 2208 1614 2254 ver-

285 2310 474 2379 schwnnden
497 2307 601 2391 warh.

372 2504 395 2569 ⁸)
417 2502 475 2559 Jtlt.
489 2504 557 2560 Lov.
577 2503 608 2557 B.
620 2503 640 2559 1.
661 2502 728 2572 Cap.
740 2503 785 2558 45.
797 2504 841 2559 49.
854 2505 898 2559 50.
911 2504 954 2560 55.

373 2612 396 2677 ⁴)
417 2610 454 2664 n.
468 2610 499 2664 Β.
513 2609 561 2664 XI.
580 2624 608 2679 p.
618 2610 661 2664 32.
689 2609 758 2664 Cum
775 2609 804 2665 in
816 2610 881 2667 villa
892 2610 1053 2665 Yscrhoven
1071 2611 1144 2665 sicut
1160 2613 1190 2664 et
1206 2610 1261 2665 slis
1276 2609 1373 2680 predia
1389 2610 1418 2664 in
1433 2613 1493 2665 totu
1504 2610 1616 2666 comitia

285 2714 320 2771 de
335 2715 430 2785 Pogon
447 2730 498 2785 per
509 2714 654 2770 Albertum
672 2715 799 2771 comitem
818 2721 929 2771 atauus
947 2716 1071 2771 inimicos
1089 2715 1125 2770 ad
1142 2714 1195 2771 hoo
1212 2714 1377 2786 devenisset,
1395 2715 1469 2785 quod
1487 2730 1569 2785 agros
1586 2720 1616 2771 et

284 2827 364 2892 prata
381 2821 502 2876 eiusdem
527 2821 628 2891 predii,
653 2821 718 2891 quia
740 2821 787 2876 diu
808 2822 867 2877 sine
886 2821 989 2877 colonis
1007 2821 1168 2890 extiterant,
1192 2821 1283 2876 nullus
1300 2822 1396 2890 sciret,
1418 2824 1448 2875 et
1465 2820 1564 2876 milites
1582 2836 1616 2877 ac

284 2927 452 2998 potentiores
470 2942 551 2996 agros
563 2927 627 2982 ville
644 2928 812 2997 propinquos
830 2926 1000 2983 solummodo
1013 2927 1170 2996 coluissent,
1186 2926 1379 2982 remotioribus
1391 2926 1465 2997 agris
1476 2926 1504 2981 in
1515 2941 1616 2998 vepres

285 3038 313 3087 et
337 3032 445 3103 spineta
466 3031 599 3105 redactis3
626 3047 695 3103 pace
718 3032 826 3088 reddita
849 3048 883 3088 ex
906 3038 993 3088 morte
1017 3033 1124 3088 comitis
1146 3032 1311 3103 supradicti,
1335 3032 1431 3087 rustici
1448 3033 1563 3087 ecclesie
1587 3038 1617 3088 et

285 3140 384 3194 milites
407 3137 535 3193 infeodali
557 3154 608 3209 pro
631 3139 784 3208 quantitate
806 3145 835 3194 et
856 3138 987 3194 limitibus
1010 3138 1220 3207 contenderent,
1243 3139 1304 3208 Ego
1322 3138 1421 3207 itaque
1443 3138 1616 3196 Hermannus

284 3244 371 3301 abbas
393 3247 447 3312 (sc.
466 3244 589 3301 coenobii
608 3242 854 3312 Nideraltaoensis)
878 3260 928 3315 per
946 3245 1129 3314 querimonias
1146 3260 1238 3300 coram
1256 3244 1367 3300 domino
1382 3243 1481 3300 Ottone
1499 3244 1570 3300 duce
1587 3251 1617 3301 et

284 3352 426 3407 suasiones
444 3356 473 3405 et
490 3350 614 3406 diversas
631 3364 763 3421 personas
782 3352 913 3407 militares
930 3352 967 3407 ad
984 3350 1037 3407 hoc
1054 3351 1159 3421 induxi,
1176 3350 1250 3421 quod
1268 3350 1303 3406 ad
1316 3354 1473 3406 mnotorum
1487 3352 1616 3421 reliquias

284 3459 457 3526 iuraverunt,
479 3472 509 3512 se
526 3456 597 3512 velle
615 3473 711 3527 puram
730 3457 820 3513 dicere
838 3458 996 3529 venustem,
1021 3463 1154 3527 quantum
1173 3456 1284 3513 cuilibet
1299 3458 1421 3527 ipsorum
1438 3457 1511 3512 iuste
1528 3459 1616 3529 possi-

285 3564 351 3620 dere
369 3563 489 3633 deberet,
507 3562 582 3631 quod
601 3568 629 3618 et
645 3561 748 3619 factum
768 3567 819 3634 est,
836 3568 868 3619 ut
885 3562 997 3620 inferius
1016 3565 1177 3619 continetur.
1206 3563 1438 3634 Compromtssum
1450 3564 1543 3633 itaque
1554 3562 1615 3635 tuit,

284 3675 316 3727 ut
333 3671 469 3727 maximus
487 3685 601 3740 campus
618 3686 668 3739 per
679 3668 815 3725 funiculos
827 3676 1039 3739 mensuraretur,
1056 3670 1101 3725 ille
1112 3670 1240 3725 videlicet
1252 3675 1347 3726 contra
1358 3668 1569 3741 Auhalmiugen,
1587 3674 1617 3726 ot

157 3827 162 3833 .
285 3777 397 3833 cuilibet
419 3775 491 3832 hube
509 3775 563 3830 Xli
581 3776 678 3845 iugera
695 3776 903 3847 deputarentur,
928 3782 957 3831 et
975 3775 1116 3847 quodlibet
1137 3777 1262 3846 iugerum
1285 3774 1400 3832 haberet
1416 3776 1470 3831 ΧΠ
1487 3778 1615 3847 piuange,

285 3889 368 3952 atque
381 3883 421 3937 sic
432 3883 519 3952 primo
533 3879 678 3937 infeodatis
690 3883 811 3953 ipsorum
823 3887 916 3953 partes
928 3882 1164 3953 distribuerentur,
1176 3883 1315 3939 residuum
1324 3898 1391 3938 vero
1402 3888 1490 3938 totum
1501 3882 1616 3938 ecclesie

285 3994 446 4044 remaneret.
478 3987 547 4043 item
569 3988 598 4043 in
616 3992 685 4058 quot
705 3994 798 4059 partes
816 3990 902 4044 maior
920 4004 1033 4059 campus
1051 3988 1157 4045 diuam
1175 3994 1261 4058 esset,
1284 3990 1313 4044 in
1330 3988 1445 4044 totidem
1462 3994 1556 4059 partes
1573 4004 1616 4044 se·

285 4095 392 4150 cundus
415 4109 528 4164 campus
551 4099 580 4148 et
601 4094 702 4150 tercius
724 4094 904 4165 divideretur,
929 4095 993 4150 licet
1016 4094 1128 4150 cuilibet
1150 4094 1224 4151 hube
1247 4096 1276 4149 in
1293 4094 1398 4149 eisdem
1419 4093 1616 4165 posterioribus

286 4202 390 4271 campis
409 4214 463 4255 uon
480 4205 595 4270 possent
613 4200 710 4257 cedere
728 4200 782 4256 XII
794 4202 890 4271 iugera
906 4206 937 4256 ut
954 4202 982 4257 in
1000 4202 1098 4272 primo.
1124 4200 1257 4257 Inchoata
1274 4205 1318 4256 est
1333 4200 1418 4270 igitur
1428 4201 1483 4255 ista
1499 4200 1615 4271 particio

286 4322 444 4378 camporum
466 4320 516 4375 per
534 4305 669 4363 Alwiuum
688 4307 850 4363 Monachum
873 4305 1051 4378 scribentem,
1073 4313 1103 4362 et
1123 4305 1234 4363 tratrem
1253 4306 1427 4363 Perhtoidum
1445 4305 1615 4377 prepositum

285 4418 314 4468 et
331 4412 478 4469 Rudollum
497 4412 641 4470 officialem
660 4429 721 4469 curn
740 4412 867 4470 tuniculis
885 4419 1088 4484 mensurantes,
1109 4414 1267 4469 Hermanno
1285 4412 1385 4468 abbate
1404 4419 1432 4468 et
1449 4412 1552 4483 populo
1570 4426 1615 4467 co-

285 4521 407 4579 mitante.
440 4519 794 4577 s.uurrlccxtv11.-
819 4518 888 4576 Date
910 4519 1043 4576 suntchet
1066 4536 1117 4576 nur
1140 4518 1186 4575 lor
1208 4519 1531 4588 die.0beretgeumuuer
1548 4518 1616 4584 (das

285 4626 396 4682 Kloster
414 4625 471 4681 und
495 4626 540 4681 die
558 4625 751 4693 Ritterschait)
769 4626 865 4683 Theile
887 4625 1016 4709 gemacht
1032 4626 1157 4697 werden,
1179 4625 1254 4681 kann
1275 4627 1352 4682 nicht
1369 4624 1513 4697 auiiallen3
1534 4630 1617 4681 anter

284 4732 391 4803 Pirang
409 4732 475 4788 oder
493 4730 593 4801 Bifang
610 4734 647 4787 ist
664 4732 722 4789 hier
739 4732 806 4789 aber
823 4732 899 4789 nicht
915 4734 966 4789 dae
980 4733 1112 4789 Rottland
1130 4750 1165 4789 ru
1182 4733 1328 4790 verstehen
1345 4737 1378 4799 (s.
1390 4738 1477 4789 uuteu
1494 4731 1566 4787 Note
1577 4731 1615 4799 8),

285 4838 403 4894 eundern
421 4839 464 4894 ein
483 4837 569 4893 durch
587 4840 655 4893 zuei
673 4840 799 4896 Furcheu
815 4838 992 4909 einget‘asstcs
1004 4840 1075 4897 Beet
1091 4840 1141 4896 des
1152 4838 1355 4911 Ackerlsndes3
1373 4855 1396 4895 s.
1414 4837 1615 4907 Schmeller,

284 4944 379 5017 bayer.
390 4944 571 5002 Wbrterbuch
588 4944 610 5001 Ι.
629 4944 658 5001 S.
670 4946 732 5001 540.
