4142 5817
685 507 733 558 Au
753 507 877 558 OAPITA
896 507 967 559 DUO
986 506 1171 560 eutulanus.
1542 519 1590 590 95

264 681 437 769 exemplari
464 682 671 752 bibliothecae
696 685 915 752 Tribouianae.
954 683 1081 752 ‘Penori
1107 683 1273 753 contineri’
1301 687 1375 754 licet
1402 688 1470 774 ipse
1496 688 1593 756 libra·

263 806 329 872 rius
352 803 567 891 Florentinus,
591 828 654 875 non
677 809 860 876 emendator
882 810 1013 879 mutarit
1035 810 1069 875 in
1086 806 1238 896 ‘penore’‚
1264 817 1372 878 tamen
1393 811 1592 879 retinendum

264 935 328 1014 est,
359 949 430 996 cum
460 929 659 999 Graecismus
684 933 850 1001 ‘contineri
885 933 1004 1018 aliquid
1040 933 1133 1000 alicui
1166 929 1224 1000 rei’
1252 934 1400 1019 frequens
1433 936 1476 1002 sit
1509 936 1592 1021 apud

263 1052 434 1140 Ulpianum
457 1059 489 1121 et
503 1055 553 1122 vel
575 1055 609 1122 in
626 1056 685 1123 hoc
700 1061 837 1124 tractatu
859 1057 965 1143 paullo
990 1064 1062 1125 ante
1079 1056 1117 1141 (ξ
1130 1057 1163 1140 7)
1186 1057 1324 1141 legatur:
1342 1058 1474 1125 ‘cibaria
1496 1059 1592 1145 penui

256 1175 491 1246 continentur.
526 1178 612 1246 Haec
635 1201 706 1248 cum
725 1182 874 1268 expedita
888 1182 962 1265 sint,
985 1180 1092 1268 paullo
1107 1183 1210 1264 magis
1224 1182 1422 1248 haerebimus
1438 1183 1472 1248 in
1487 1184 1592 1250 verbis

263 1300 356 1370 Gellii
378 1310 520 1370 extremo
542 1303 611 1370 loco
637 1304 764 1372 relatis:
789 1306 875 1373 ‘thus
903 1325 1026 1391 quoque
1049 1311 1081 1372 et
1103 1325 1209 1372 cereos
1232 1307 1265 1373 in
1288 1327 1372 1393 penu
1395 1327 1479 1391 esse,
1509 1308 1593 1392 quud

269 1432 354 1494 esset
375 1426 442 1494 eius
464 1427 564 1496 ferme
585 1428 632 1494 rei
645 1407 751 1496 ¹causa
773 1426 1013 1516 comparatum’.
1044 1426 1138 1496 ‘Non’
1155 1430 1353 1515 vocabulum,
1376 1431 1459 1515 quod
1480 1432 1513 1497 in
1537 1452 1592 1498 ex-

261 1556 362 1618 tremo
396 1557 551 1618 commate
580 1553 614 1619 in
647 1552 737 1620 libris
768 1554 954 1639 quibusdam
986 1553 1092 1637 adest,
1124 1554 1297 1622 insiticium
1323 1575 1391 1622 esse
1421 1559 1454 1622 et
1481 1575 1591 1622 recens

262 1675 419 1744 adiectum
441 1677 540 1743 miror
566 1677 684 1761 fugisse
706 1677 886 1744 Hertzium:
917 1681 965 1744 est
987 1677 1071 1744 enim
1095 1677 1375 1745 evidentissimum.
1416 1677 1497 1744 Nam
1520 1698 1591 1745 cum

262 1821 301 1869 ex
334 1801 435 1868 tribus
464 1800 634 1888 exemplis,
669 1822 749 1886 quae
782 1802 912 1887 reliquis
945 1808 1109 1889 praestare
1142 1804 1294 1869 iudicavit
1326 1803 1459 1886 amicus,
1493 1822 1592 1868 uuum

260 1925 355 2014 idque
383 1925 534 1992 eximium
561 1927 727 2010 negatione
754 1932 876 2011 careat,
907 1925 968 1992 duo
998 1947 1067 1993 eam
1097 1926 1234 1994 babeant
1263 1927 1405 2012 quidem,
1440 1927 1495 1992 sed
1521 1925 1591 1992 loco

262 2048 397 2133 diverso,
419 2048 583 2135 probabile
606 2056 654 2116 est
671 2055 702 2116 et
718 2050 948 2136 quodammodo
967 2051 1179 2117 necessarium
1196 2051 1359 2138 exemplar
1374 2071 1539 2117 commuue
1554 2071 1593 2132 ea

262 2173 400 2240 caruisse
416 2192 547 2258 eamque
563 2179 674 2260 postea
689 2175 814 2240 demum
831 2173 984 2241 adiectam
1002 2195 1070 2243 esse
1085 2177 1222 2262 primurn
1239 2177 1322 2242 inter
1336 2195 1457 2258 versus,
1479 2174 1591 2241 deinde

260 2298 424 2364 transiisse
449 2297 484 2364 in
512 2297 615 2383 ipsam
644 2299 828 2364 orationem.
867 2299 1014 2384 Accedit,
1047 2300 1130 2384 quod
1158 2301 1225 2366 eius
1249 2298 1506 2384 'interpolationis
1528 2299 1590 2365 nisi

260 2423 352 2506 ratio,
376 2428 460 2489 certe
482 2423 603 2488 occasio
626 2422 836 2506 intellegitur3
860 2443 935 2489 narn
958 2445 1034 2490 sane
1057 2423 1130 2490 thus
1153 2428 1185 2490 et
1207 2443 1314 2490 cereos
1336 2423 1377 2489 ad
1399 2423 1463 2489 alia
1485 2423 1591 2489 omnia

260 2546 361 2630 magis
389 2566 609 2632 comparamus
640 2567 735 2633 quam
764 2567 835 2613 esus
859 2551 1013 2633 potusque
1041 2567 1144 2614 causa
1184 2547 1274 2614 Unde
1297 2546 1337 2613 ab
1353 2546 1432 2613 libri
1454 2546 1591 2613 Parisini

259 2669 394 2737 lectione
415 2670 674 2757 proficiscendum
706 2691 774 2738 esse
797 2676 920 2737 constat
948 2692 1049 2756 neque
1079 2672 1235 2758 perspicio
1258 2670 1406 2738 Hertzius
1434 2671 1589 2755 quomodo

260 2793 428 2861 admittere
455 2797 594 2880 potuerit
621 2795 787 2862 lectionem
811 2795 956 2862 Vaticani
979 2795 1076 2880 ‘quod
1105 2802 1190 2863 esset
1216 2816 1279 2861 non
1310 2796 1378 2861 eius
1411 2795 1510 2861 ferme
1542 2796 1590 2862 rei

253 2915 363 2986 ‘causa
385 2916 629 3006 comparatum,
656 2920 715 2986 huc
738 2924 801 3004 est,
825 2919 938 3004 nteit,
962 2939 1020 2986 nec
1042 2920 1110 2986 esui
1133 2939 1191 2986 nec
1212 2919 1301 3006 potui
1322 2919 1506 2985 inserviens.
1545 2919 1618 3034 At,⁴

259 3041 319 3109 boc
340 3044 478 3129 primum
502 3065 610 3110 verum
634 3045 735 3128 magis
758 3050 806 3110 est
829 3063 922 3128 quam
945 3043 1110 3126 Latinum;
1137 3043 1251 3110 deinde
1272 3045 1319 3108 ita
1341 3063 1450 3109 verum
1474 3048 1531 3127 est,
1554 3048 1591 3108 ut

259 3166 447 3233 nouaclum
470 3167 647 3234 modestum
669 3167 748 3234 illud
759 3166 883 3235 ‘ferme'
901 3189 1001 3254 paene
1025 3167 1192 3235 ridiculum
1215 3168 1267 3251 sit,
1290 3167 1346 3233 sed
1370 3167 1466 3233 etiarn
1488 3167 1590 3254 ipsius

258 3290 305 3356 rei
328 3289 565 3374 demonstratio,
588 3311 660 3358 cum
674 3293 862 3378 praesertim
884 3292 940 3358 illa
960 3297 1063 3358 aetate
1077 3292 1164 3358 natio
1185 3291 1241 3358 illa
1254 3291 1393 3357 nondum
1408 3291 1589 3376 prodiisset,

260 3433 353 3500 quem
377 3413 505 3500 quidam
527 3415 621 3483 bodie
644 3417 733 3483 aiunt
755 3417 860 3483 nescio
884 3435 945 3501 quo
968 3417 1037 3482 iure
1055 3416 1189 3482 libenter
1205 3416 1303 3483 cereis
1320 3415 1412 3481 vesci.
1448 3413 1589 3482 Pruden-

259 3539 322 3604 tius
344 3560 421 3607 sane
443 3539 623 3607 Huschkius
647 3541 767 3608 adscita
789 3540 946 3627 particula
963 3537 1050 3626 ‘que’
1074 3547 1105 3607 et
1120 3541 1249 3607 inducta
1264 3539 1364 3606 altera
1379 3535 1500 3605 ‘causa’
1519 3559 1589 3605 ora-

258 3661 376 3730 tionem
403 3663 451 3731 ita
477 3665 641 3732 formavit:
666 3665 734 3731 ‘sed
762 3666 835 3731 thus
858 3685 982 3751 quoque
1005 3671 1039 3732 et
1060 3684 1167 3731 cereos
1188 3666 1223 3730 in
1245 3685 1329 3751 penu
1352 3685 1421 3732 esse
1442 3640 1589 3749 ¹quodque

254 3783 351 3854 ‘esset
371 3787 439 3854 eius
460 3789 559 3856 ferme
581 3791 628 3856 rei
651 3786 895 3876 comparatum'.
931 3787 993 3856 Sed
1009 3789 1088 3855 haec
1110 3809 1234 3874 quoque
1255 3788 1424 3854 admodum
1439 3788 1590 3873 languent

258 3927 359 3994 neque
382 3912 458 3979 satis
482 3913 662 3997 enuntiant,
687 3913 771 3999 quod
793 3913 918 3980 videtur
940 3912 1121 3980 Huschkius
1143 3914 1307 3980 enuntiare
1329 3912 1481 3997 voluisse,
1503 3913 1588 3981 idem

259 4032 401 4101 obtinere
433 4036 467 4101 in
498 4036 592 4104 rebus
626 4036 781 4104 similibus
816 4037 979 4123 eidemque
1007 4038 1079 4104 usui
1109 4037 1285 4104 destinatis.
1325 4038 1442 4104 Verum
1470 4037 1588 4104 dudum

258 4157 338 4224 vidit
359 4160 585 4246 proposuitque
607 4159 763 4228 Henricus
786 4161 992 4245 Cannegieter
1016 4161 1094 4243 (obs.
1115 4163 1183 4246 1‚2
1204 4181 1235 4248 p.
1251 4164 1305 4244 11)
1332 4163 1379 4228 ita
1401 4162 1586 4228 emendans:

253 4280 350 4368 ‘quod
372 4289 455 4351 esset
477 4285 545 4352 cius
569 4285 709 4352 familiae
731 4305 827 4352 causa
841 4283 1088 4372 comparatum’3
1120 4285 1203 4370 quod
1225 4285 1281 4351 vix
1303 4285 1413 4352 credas
1434 4306 1498 4351 non
1521 4306 1588 4354 cer-

258 4408 351 4474 tatim
378 4409 538 4495 prolatum
567 4429 635 4476 esse
664 4409 704 4476 ab
733 4409 894 4494 omnibut,
928 4411 982 4496 qui
1015 4409 1094 4476 baec
1126 4413 1319 4494 tractarunt,
1352 4429 1424 4476 cum
1454 4410 1589 4477 eundem

257 4529 361 4600 locum
382 4533 429 4600 ita
451 4533 493 4600 ed
515 4533 705 4600 sententiam
728 4533 840 4601 afferat
861 4532 1030 4620 Ulpianus:
1054 4533 1118 4601 ‘tus
1141 4538 1173 4600 et
1193 4551 1300 4601 cereos
1322 4533 1357 4599 in
1379 4533 1588 4600 domesticum

252 4654 356 4723 ‘nsum
379 4653 532 4743 paratos'.
573 4657 682 4744 ltaque
704 4657 783 4725 haec
805 4677 928 4744 quoque
950 4657 1164 4725 adscribemus
1186 4658 1250 4725 iam
1274 4661 1458 4744 persanata:
