4142 5817
502 511 574 582 108
879 499 1037 554 Abotrus
1055 499 1261 552 minuamus
1279 500 1443 553 RUDORFF

493 679 713 766 tagnatorum',
754 699 885 767 quorum
927 700 1054 747 sensum
1092 681 1279 767 interpretes
1318 682 1454 748 assecuti
1491 702 1555 747 non
1592 687 1713 766 essent,
1754 701 1822 749 cor·

498 804 630 893 ruptela.

587 930 675 1009 Quod
699 933 804 996 autem
827 949 884 1017 per
900 928 1006 1014 Syros,
1029 928 1163 1014 Arabes,
1185 929 1355 996 Armenios
1377 930 1570 1016 antiquiores
1592 928 1677 1014 leges
1691 930 1823 1016 iuraque

498 1055 610 1141 quibus
634 1055 672 1122 de
695 1056 799 1139 agitur
822 1059 946 1122 servata
968 1059 1057 1137 sunt,
1083 1053 1140 1119 illa
1161 1056 1242 1121 ratio
1266 1059 1324 1139 est,
1352 1054 1435 1139 quod
1456 1054 1637 1122 Nestoriani
1659 1058 1692 1122 et
1712 1075 1822 1122 mono-

497 1180 652 1268 physitae,
674 1179 883 1266 posteriorum
905 1178 1394 1266 imperatorumssyzantinorum
1417 1179 1583 1265 iniquitate
1605 1183 1822 1248 communione

499 1306 599 1389 eiecti,
622 1304 747 1370 nonnisi
763 1308 904 1370 veterum
925 1303 1154 1390 imperatorum
1176 1305 1260 1389 leges
1283 1310 1434 1390 tanquam
1451 1304 1545 1371 finem
1563 1306 1655 1391 aequi
1672 1306 1750 1372 iuris
1768 1306 1822 1373 ob-

498 1436 638 1514 servant,
666 1429 864 1513 sequentium
887 1434 996 1495 contra
1019 1434 1153 1512 statuta,
1178 1435 1214 1496 ut
1235 1431 1295 1497 sibi
1317 1430 1532 1516 iniquissima,
1556 1429 1700 1497 reiciunt
1739 1429 1822 1497 unde

497 1555 686 1642 perspicitur
709 1574 803 1639 quam
825 1574 974 1641 perversa
996 1553 1092 1620 luerit
1114 1575 1221 1621 eorum
1237 1555 1354 1641 opinio,
1378 1557 1432 1640 qni
1455 1556 1730 1641 interpretationes
1752 1555 1821 1622 illo·

497 1701 568 1746 rum
591 1680 628 1746 de
651 1679 782 1745 novellis
805 1679 969 1746 Iustiniani
991 1678 1113 1762 legibus
1142 1680 1208 1747 sive
1237 1680 1332 1747 etiam
1359 1700 1399 1745 ex
1421 1680 1565 1747 basilicis
1587 1685 1732 1748 mutuata
1754 1701 1822 1748 esse

498 1805 765 1871 existimaverunt.

587 1929 648 1996 Sed
675 1929 752 1996 haec
779 1929 935 2016 tantisper
963 1929 1001 1994 de
1027 1928 1126 1996 libelli
1155 1929 1276 2013 origiue
1304 1937 1336 1996 et
1373 1929 1447 1996 fatis
1483 1929 1573 2015 quasi
1601 1950 1659 2017 per
1686 1930 1822 1998 indicem

498 2053 728 2121 demonstrasse
758 2053 901 2120 sufficiat.
947 2074 1030 2120 nuno
1059 2054 1100 2121 de
1132 2055 1211 2141 ipsis
1245 2054 1378 2138 singulis
1406 2055 1562 2141 capitibus
1591 2055 1822 2143 dispiciendum

498 2180 567 2263 erit,
590 2178 703 2264 quibus
727 2179 764 2246 de
787 2179 895 2246 ordine
918 2178 1115 2264 iudiciorum,
1138 2180 1277 2246 maxima
1292 2180 1499 2266 privatorum,
1522 2179 1650 2264 regulae
1667 2180 1820 2266 quaedam

497 2310 684 2392 praeceptae
707 2309 789 2370 sunt.
818 2305 851 2372 in
875 2304 987 2389 quibus
1009 2304 1087 2371 locis
1110 2304 1282 2372 referendis
1304 2303 1419 2371 Landii
1440 2305 1564 2390 quidem
1588 2305 1821 2392 interpretatio-

496 2449 570 2496 nem
598 2449 721 2515 sequar,
750 2428 945 2516 interpositis
974 2435 1080 2496 tamen
1105 2450 1163 2517 per
1185 2430 1340 2497 elementa
1366 2429 1536 2497 minutiora
1558 2430 1677 2515 verbis,
1708 2431 1820 2516 quibus

496 2553 662 2638 Roedigeri
683 2554 798 2620 iudicio
822 2555 996 2622 sententiae
1019 2555 1182 2641 scriptoris
1205 2555 1317 2622 melius
1340 2575 1526 2642 responsum
1548 2556 1599 2622 sit.

1145 2859 1170 2934 l.

585 3050 704 3130 Quibus
722 3071 814 3136 agere
831 3052 879 3118 vel
902 3070 1049 3118 accusare
1071 3072 1135 3118 non
1156 3052 1250 3120 liceat
1272 3053 1414 3140 pluribus
1438 3053 1578 3121 articulis
1602 3057 1746 3121 accurate
1767 3054 1821 3121 do-

497 3174 620 3243 finitum
644 3182 699 3244 est.
734 3181 858 3242 tantum
881 3177 1038 3243 minorum
1060 3176 1148 3244 nulla
1163 3179 1281 3245 mentio
1299 3177 1344 3263 fit,
1368 3179 1451 3264 quod
1473 3179 1607 3247 fortasse
1628 3199 1692 3245 non
1714 3180 1822 3266 inepte

497 3301 570 3367 inde
582 3301 729 3388 explices,
742 3300 824 3386 quod
840 3301 873 3368 in
889 3302 1046 3388 plerisque
1058 3304 1171 3386 causis,
1184 3305 1307 3388 quaein
1320 3305 1538 3391 episcoporum
1553 3305 1669 3371 iudicio
1683 3309 1820 3377 tractan-

498 3431 560 3510 tur,
580 3425 721 3510 lcgitima
743 3445 878 3512 persono
900 3447 963 3492 non
987 3428 1132 3511 exigitur.

586 3549 701 3618 Milites
725 3550 857 3618 durante
880 3557 1019 3619 armatae
1035 3551 1168 3620 militiae
1190 3552 1292 3621 officio
1315 3574 1417 3639 nequo
1440 3575 1532 3639 agere
1555 3574 1613 3641 pro
1633 3553 1705 3621 aliis
1720 3574 1822 3640 neque

497 3680 616 3742 tutores
639 3681 837 3744 curatoresve
855 3677 1003 3744 constitui
1025 3698 1119 3764 posse
1141 3680 1272 3747 articulo
1290 3683 1328 3746 11
1348 3679 1401 3746 fol.
1417 3681 1480 3746 196
1493 3701 1520 3746 v.
1538 3701 1578 3746 ex
1594 3685 1698 3746 vetera
1712 3674 1820 3761 iurem)

498 3804 581 3867 recte
603 3801 738 3867 relatum
761 3807 809 3868 est
830 3802 879 3868 bis
904 3803 1022 3870 vorbis:

631 3924 711 3992 ‘Lea
738 3928 822 3992 iudet
850 3951 899 3993 eos
929 3933 986 4015 qui
1011 3951 1138 3995 manere
1159 3931 1374 3996 Romanorum
1402 3929 1440 4011 (i.
1453 3953 1478 3997 e.
1500 3929 1650 4011 militam)
1679 3930 1729 3995 ool
1755 3931 1820 3996 ala'o

631 4052 766 4139 quolibet
788 4053 842 4118 aad
867 4075 939 4140 repe
962 4055 1157 4140 fanpaotar,
1188 4078 1244 4121 aec
1271 4067 1385 4121 tutores
1412 4078 1468 4121 acc
1493 4069 1651 4122 curatores
1674 4056 1822 4121 orborum

631 4201 705 4258 esse,
729 4200 784 4242 nec
805 4199 865 4264 pro
889 4179 952 4244 olio
975 4181 1145 4266 postulare.
1176 4201 1240 4267 pro
1255 4193 1347 4246 semet
1363 4183 1443 4267 ipsas
1466 4193 1568 4246 autem
1589 4203 1653 4245 noc
1676 4180 1747 4246 licet
1767 4202 1819 4246 oo·

629 4327 699 4368 ram
720 4304 823 4368 iudice
846 4305 1024 4390 postulare,
1050 4307 1146 4371 doceo
1169 4307 1282 4390 officials
1305 4327 1386 4391 puae
1413 4306 1469 4371 aad
1492 4328 1564 4392 repe
1586 4308 1739 4371 tenuerint
1765 4307 1820 4370 de·

628 4437 747 4522 funeb,
773 4399 987 4521 ἰίῖῖτξηὲἲιινιηί.

498 4562 553 4629 sed
580 4561 812 4629 confunduntur
833 4564 959 4649 patroni
988 4569 1019 4630 et
1042 4565 1253 4649 procuratoris
1276 4561 1393 4647 officia,
1422 4582 1481 4630 nec
1504 4583 1612 4631 verum
1635 4568 1684 4631 est
1706 4584 1763 4651 pro
1786 4585 1821 4631 se

498 4707 591 4772 agere
613 4687 722 4753 vetari

588 4847 619 4912 ιο)
643 4843 774 4914 Ulpianus
793 4843 860 4900 libro
872 4847 889 4900 8
907 4845 943 4901 ad
955 4845 1075 4901 edictum
1092 4847 1150 4901 L.8
1169 4846 1260 4910 521).
1273 4845 1309 4901 de
1319 4859 1394 4914 proc.
1408 4847 1444 4915 (3,
1457 4847 1492 4914 3).
1520 4847 1589 4916 lmp.
1602 4845 1731 4903 Gordian.
1743 4848 1775 4902 L.
1786 4847 1821 4902 13

499 4943 528 4998 O.
548 4942 583 4998 de
600 4958 674 5013 proc.
694 4944 796 5014 (213).
824 4943 892 5018 Imp.
905 4943 1019 5016 Philipp.
1038 4945 1096 4999 L.4
1115 4943 1145 5000 Ο.
1163 4943 1211 5013 qui
1228 4942 1293 4999 dare
1310 4944 1347 5014 (5,
1360 4944 1415 5011 34).
