4142 5817
387 515 435 566 AD
454 514 575 566 LEGUM
593 515 838 569 sancunaarbn
858 517 1088 570 consuendum
1106 519 1231 571 casius
1248 520 1449 574 IUDICIARIA.
1509 531 1580 601 121

343 693 488 779 Denique
515 695 732 762 observatione
762 696 925 780 indignum
948 717 1011 762 non
1035 701 1084 764 est
1106 698 1189 782 quod
1211 697 1250 765 de
1271 700 1356 765 trina
1377 701 1584 768 eonventioue

257 818 399 885 adicitur.
443 839 503 904 quo
525 817 593 886 loeo
622 818 701 887 illud
730 820 856 905 quidem
884 821 993 888 statim
1023 821 1226 888 manifestum
1252 821 1305 906 fit,
1333 842 1397 889 non
1424 824 1457 890 id
1484 845 1583 908 genus

256 943 359 1009 notari
375 943 632 1028 denuntiationis,
656 964 717 1029 quo
732 944 779 1011 uti
795 949 949 1030 oporteat,
972 945 999 1010 si
1015 946 1197 1012 convenerit
1219 950 1255 1012 ut
1268 947 1382 1032 pignus
1397 946 1584 1017 fiduciamre

256 1067 391 1134 vendere
419 1086 483 1134 non
510 1063 656 1150 lieeat⁸⁸).
695 1089 796 1154 neque
819 1068 903 1136 enim
927 1069 966 1135 de
988 1069 1143 1136 eiusmodi
1165 1072 1371 1138 conventione
1394 1072 1447 1139 bio
1469 1073 1581 1157 agitur.

256 1191 311 1257 sed
340 1196 474 1277 apparet
495 1189 592 1258 ‘viam
626 1198 779 1277 quantum
807 1193 955 1260 creditori
989 1193 1140 1261 debeatur
1168 1193 1328 1279 exigendi'
1358 1196 1467 1263 tritam
1496 1197 1582 1265 illam

256 1334 334 1400 esse,
359 1335 422 1399 qua
444 1315 553 1382 ordine
575 1317 642 1383 sive
658 1317 929 1384 denuntiationum
952 1318 1019 1384 sive
1041 1317 1220 1386 litterarum
1241 1320 1454 1388 edietommve
1476 1323 1584 1390 obser-

255 1443 328 1505 vato
362 1439 511 1506 adversus
545 1445 743 1508 contumaees
777 1437 1011 1528 proceditur⁵⁹b
1054 1461 1113 1510 neo
1142 1442 1223 1510 obioi
1257 1448 1376 1529 potest,
1413 1445 1496 1530 quod
1523 1446 1583 1514 bae
1692 1429 1698 1437 ’

255 1561 507 1652 denuntiationes
530 1569 579 1631 ter
609 1569 702 1651 utque
730 1586 787 1651 per
814 1565 1068 1634 intervallando
1096 1566 1201 1633 minus
1229 1568 1337 1634 deoem
1364 1569 1486 1635 dierum
1513 1569 1583 1638 fieri

256 1683 429 1771 debent⁶⁰)‚
452 1707 523 1753 oum
546 1690 707 1774 superiore
730 1688 861 1756 articulo
885 1689 923 1757 de
946 1690 1169 1774 quadrimestri
1190 1693 1293 1778 spatio
1316 1698 1348 1759 et
1369 1713 1433 1759 una
1453 1714 1582 1780 repara·

255 1811 340 1878 tione
355 1811 489 1878 relatum
505 1813 556 1878 sit.
591 1813 650 1880 hoe
665 1815 748 1879 enim
764 1813 902 1900 spatium
919 1814 959 1879 ad
972 1813 1052 1880 illud
1067 1815 1314 1882 denuntiationis
1336 1837 1433 1900 genus
1448 1822 1582 1904 spectat,

256 1933 340 2020 quod
361 1936 460 2002 veteri
487 1936 521 2002 in
549 1935 598 2003 ius
620 1938 779 2004 voeationi
807 1938 958 2005 suecessit
984 1958 1107 2025 quoque
1129 1941 1214 2007 eires
1241 1941 1381 2008 interae
1409 1942 1582 2027 antiquitus

256 2079 312 2125 suo
334 2060 403 2126 iure
418 2060 595 2126 utebantur.
631 2067 742 2128 oontm
756 2062 833 2128 ordo
849 2062 1032 2148 edictorum,
1056 2063 1157 2148 qualis
1176 2065 1210 2130 in
1225 2071 1424 2132 contumaees
1443 2067 1583 2134 exerueri

256 2182 345 2268 solet,
370 2184 531 2251 deseendit
546 2205 585 2251 ex
601 2187 791 2270 evocatione,
815 2207 895 2272 quae
910 2187 1082 2254 maioribus
1100 2189 1337 2272 magistratibus
1351 2209 1409 2276 pro
1425 2195 1583 2276 potestate

256 2327 404 2374 concessa
426 2303 542 2391 erat⁶¹).
578 2309 661 2377 unde
684 2310 723 2377 ab
746 2311 836 2377 initio
860 2309 986 2396 quidem
1005 2311 1046 2378 ad
1069 2333 1122 2378 eas
1145 2331 1255 2380 oausas
1277 2314 1441 2381 reomaus
1464 2315 1582 2381 eratin

256 2431 368 2516 quibus
382 2432 461 2519 ipsis
477 2434 713 2517 magistratibus
729 2454 786 2521 pro
802 2441 959 2521 potestate
974 2436 1151 2521 deseruere,
1167 2441 1315 2522 statuere,
1337 2439 1582 2525 pronuntiareve

255 2558 444 2643 permissum
461 2564 538 2643 erat,
551 2563 587 2624 ut
602 2560 636 2625 in
650 2558 963 2626 fideicommissorum
979 2557 1302 2647 persecutionibus⁰')‚
1317 2563 1352 2628 in
1366 2557 1535 2645 oaduois⁸³)
1551 2568 1584 2630 et

255 2681 420 2748 similibus.
456 2687 568 2769 postea
583 2703 656 2750 vero
672 2685 814 2750 oratione
828 2682 938 2768 Maroi,
963 2705 1025 2770 qua
1048 2686 1087 2750 de
1101 2683 1215 2753 finibus
1230 2685 1335 2753 litium
1351 2687 1465 2771 agitur,
1487 2688 1582 2754 etiam

221 2819 225 2826 ·
255 2807 289 2873 in
312 2811 510 2874 contumaees
534 2808 637 2874 diotae
660 2809 835 2876 sententiae
851 2809 1020 2896 auotoritas
1036 2810 1082 2875 rei
1100 2810 1257 2877 iudicatae
1271 2812 1306 2876 in
1321 2810 1465 2877 omnibus
1480 2812 1583 2879 eausis

209 2971 211 2976 ν
255 2931 375 3000 tributa
389 2926 489 3014 est⁶‘).
525 2952 585 3016 que
601 2953 640 2999 ex
656 2937 799 3019 tempore
814 2933 987 3000 ediotemm
1002 2934 1079 3006 ordo
1103 2938 1135 3000 et
1148 2954 1220 3000 eum
1237 2935 1399 3002 remediis'
1404 2935 1582 3022 praetoriis,

343 3179 376 3244 68)
400 3177 431 3232 L.
443 3179 461 3232 4
474 3177 508 3232 D.
527 3177 561 3232 de
579 3177 655 3248 pign.
668 3184 720 3234 aet.
740 3179 794 3249 (13,
808 3180 844 3247 7).
867 3179 925 3235 Lu
945 3179 1036 3244 §DD
1056 3179 1091 3234 de
1109 3174 1186 3235 dis‘tn
1201 3181 1276 3251 pign.
1295 3181 1350 3251 (20,
1361 3182 1398 3249 5).
1422 3181 1498 3235 Paul.
1511 3186 1581 3236 sent.

254 3275 310 3344 2,5
329 3277 382 3340 §L
410 3275 483 3344 2,13
501 3275 554 3338 15.
578 3275 610 3330 L.
621 3277 655 3331 73
673 3275 707 3330 D.
727 3274 761 3330 de
779 3274 842 3331 furt.
862 3279 916 3347 (47,
930 3279 965 3343 2).
999 3276 1159 3348 Dernburg,
1181 3275 1347 3334 Piandreebt
1364 3279 1389 3333 ΙΙ
1407 3279 1506 3348 plDb.
1521 3279 1581 3334 142.

253 3371 353 3442 quibus
370 3387 443 3427 nune
460 3371 568 3427 aceedit
585 3371 686 3427 tabella
703 3371 819 3428 fiduciae
837 3373 942 3429 ahenea
959 3376 1059 3430 summi
1076 3375 1165 3446 pretii,
1183 3375 1219 3431 ad
1237 3376 1309 3431 ostia
1326 3376 1420 3431 Baetis
1438 3391 1525 3446 nuper
1541 3377 1581 3431 in·

253 3475 345 3539 veum,
364 3485 419 3539 qua
435 3485 526 3526 rerum
544 3470 662 3539 mancipi
680 3470 885 3526 vendendarum
903 3471 991 3527 forma
1009 3470 1121 3528 mirifioe
1139 3473 1298 3528 illustratur.
1501 3478 1506 3484 '

341 3568 376 3634 ω)
398 3568 429 3621 L.
444 3567 549 3621 68-76
567 3566 602 3621 D.
621 3565 656 3622 de
674 3567 729 3622 iud.
750 3568 787 3638 (5,
801 3571 836 3636 1).
860 3569 936 3624 Paul.
950 3575 1019 3624 sent.
1033 3571 1059 3625 5.
1073 3571 1102 3625 5⁴
1120 3572 1174 3636 57.
1198 3571 1230 3625 L.
1243 3572 1276 3626 10
1285 3570 1320 3631 ,0.
1338 3570 1374 3625 de
1386 3571 1460 3641 pigo.
1480 3572 1582 3641 (8,14).

254 3665 315 3720 La
333 3663 363 3720 0.
381 3663 518 3734 quomodo
536 3668 565 3718 et
582 3663 692 3732 qsrando
710 3667 746 3734 (7,
758 3667 813 3731 43).
845 3666 1078 3736 Bethm.-Hoilw.,
1096 3667 1155 3723 Gir.
1170 3669 1214 3724 Ρτ.
1228 3668 1255 3722 11
1273 3669 1355 3733 §122
1371 3669 1560 3738 (1.773-778.

342 3763 375 3828 ⁸⁰)
398 3760 462 3816 Alia
478 3766 610 3832 tempora,
629 3762 678 3817 sed
697 3768 803 3819 memte
821 3762 930 3820 demum
948 3779 1038 3820 rerum
1052 3769 1135 3834 statu,
1154 3764 1294 3821 observari
1306 3765 1402 3820 iubent
1413 3765 1583 3822 GemuitVI

254 3861 304 3924 52.
332 3859 390 3913 Lex
409 3859 487 3914 Rem.
500 3860 583 3928 Burg.
597 3861 645 3914 XI.
669 3861 836 3916 lastinianus
854 3867 950 3917 eontra
968 3862 1070 3932 ubique
1088 3863 1201 3932 triginta
1218 3863 1324 3918 dieram
1342 3864 1432 3933 spatia
1443 3862 1581 3918 observat.

253 3958 284 4012 L.
300 3958 333 4012 13
352 3957 396 4021 §3
414 3955 444 4011 O.
463 3956 498 4011 de
516 3955 670 4025 11111.(3,1).
694 3956 876 4013 1111101112
895 3973 918 4013 e.
931 3961 958 4013 3.
984 3977 1048 4015 nam
1061 3960 1160 4030 viginti
1173 3960 1232 4016 dies
1250 3961 1375 4026 (Nomdd
1388 3976 1412 4015 e.
1422 3963 1447 4015 3.
1467 3959 1536 4016 Nor.
1546 3960 1582 4015 80

253 4069 276 4109 e.
289 4055 331 4109 10.
355 4053 424 4108 Nev.
438 4054 472 4108 96
490 4056 544 4108 ab
563 4055 617 4121 11)
637 4067 691 4110 non
703 4055 738 4109 ad
750 4057 938 4110 eontumaeiae
956 4056 1076 4126 speeiem
1094 4059 1240 4127 pertinent,
1258 4057 1309 4112 sed
1327 4057 1362 4112 ad
1381 4072 1457 4112 reum
1473 4057 1520 4127 qui
1538 4057 1582 4112 ins

253 4151 354 4221 picenti
372 4149 610 4221 obtemperaverit.
638 4151 860 4208 Bethm.·Holiw.
880 4153 938 4208 Gir.
952 4154 995 4208 Ρ1.
1009 4154 1049 4208 111
1068 4171 1094 4224 p.
1104 4154 1157 4210 253
1175 4154 1289 4210 110157.

341 4249 374 4312 ⁶¹)
399 4247 467 4302 Geli.
487 4254 559 4304 noot.
578 4248 637 4304 Ate.
658 4250 795 4318 13,12.6.

342 4346 377 4413 ⁸²)
398 4347 441 4400 Ex
459 4345 598 4401 Rubriano
616 4351 728 4401 senatus
746 4347 871 4402 consulto
883 4347 994 4402 Traiani
1012 4348 1182 4418 temporibus
1199 4347 1273 4404 iaetu
1291 4349 1322 4403 L.
1333 4349 1367 4403 26
1385 4349 1483 4414 (7-9
1498 4347 1532 4402 D.
1546 4346 1582 4403 de

253 4441 299 4498 dd.
311 4441 358 4498 lib.
370 4443 474 4519 (4115).
502 4442 708 4499 Observandum
728 4448 771 4498 est
788 4444 870 4498 etiam
884 4445 1024 4500 Iulianum
1036 4444 1106 4501 libro
1118 4447 1153 4501 36
1171 4445 1340 4516 digestorum
1352 4447 1384 4500 L.
1393 4447 1428 4500 75
1439 4445 1474 4500 D.
1488 4444 1523 4499 de
1541 4445 1580 4499 iu-

252 4539 331 4595 dieiis
349 4541 385 4610 (5,
402 4541 428 4604 1)
447 4541 554 4596 nonnisi
572 4540 607 4596 de
626 4539 844 4596 fideicommissis
862 4541 948 4612 loqui,
972 4542 1006 4597 de
1025 4542 1125 4612 quibus
1143 4543 1224 4597 etiam
1244 4542 1377 4613 Ulpianus
1393 4543 1426 4598 L.
1439 4543 1474 4598 59
1492 4542 1527 4597 D.
1545 4543 1581 4597 de

252 4652 282 4692 re
300 4637 355 4693 iud.
375 4638 470 4707 (42,1)
489 4637 708 4693 commodissime
726 4639 813 4708 aeeipi
831 4643 931 4709 potest.

340 4735 375 4800 ⁶³)
397 4735 439 4789 Ex
459 4735 620 4790 luventiano
638 4734 711 4791 Soto.
731 4736 784 4791 sub
802 4736 941 4818 Hadriauo
958 4734 1032 4792 iaetu
1050 4737 1127 4792 Lab
1144 4739 1189 4802 §6
1207 4737 1242 4792 D.
1261 4737 1297 4793 de
1314 4738 1370 4794 ber.
1382 4742 1439 4808 pet.
1458 4738 1495 4808 (5,
1507 4739 1544 4805 3).

340 4833 374 4896 ⁶⁴)
397 4832 429 4886 L.
443 4833 478 4887 56
489 4832 524 4886 D.
538 4831 573 4886 de
591 4847 621 4886 re
639 4833 762 4902 11111.(42,
778 4836 812 4901 1).
836 4835 893 4889 L.1
913 4850 953 4904 pr.
967 4834 1001 4888 D.
1016 4833 1051 4889 da
1069 4831 1193 4903 feriisffl,
1209 4836 1261 4901 12).
1288 4834 1361 4890 unde
1378 4835 1453 4906 apud
1464 4835 1579 4891 Paulum

253 4933 323 4984 sent.
336 4928 362 4998 5,
374 4929 403 4983 5·
422 4930 465 4994 §7
485 4929 557 4985 trina
574 4929 744 4986 denuntiatio
762 4929 862 4987 finibus
880 4931 967 4986 litium
984 4931 1082 4987 ultimo
1099 4931 1161 4987 loeo
1178 4931 1302 4989 adicitur.
