4142 5817
501 507 573 576 106
878 493 1035 546 ADOLFUS
1054 492 1259 546 namnmcvs
1278 492 1440 544 RUDORFF

586 674 650 742 lam
673 675 701 740 si
724 674 762 742 de
784 672 883 741 libelli
906 673 1067 759 proposito
1091 672 1268 757 quaeritur,
1297 672 1332 737 in
1354 670 1525 759 colophone
1547 671 1603 758 qui
1624 671 1741 758 pagina
1757 671 1821 738 184

497 800 643 868 editionis
651 799 833 866 Landianae
844 798 968 882 legitur,
980 798 1065 882 loges
1080 818 1161 883 quae
1171 799 1280 864 insunt
1292 796 1468 863 saeculares
1477 801 1628 862 vocantur
1639 794 1821 864 aGonstan·

496 928 563 993 tino
584 931 617 993 ct
631 924 804 992 Theodosio
820 929 852 990 et
866 922 971 990 Leone
992 922 1118 1007 regibus
1140 921 1284 988 fidelibus
1308 927 1340 989 et
1360 921 1487 988 invictis
1509 921 1705 988 constitutae.
1741 941 1821 1007 quae

497 1050 708 1118 denominatio
732 1049 880 1140 ecclesiae
896 1047 1094 1115 Christianae
1115 1047 1237 1131 legibus
1260 1046 1406 1133 opposita
1426 1053 1460 1113 et
1480 1048 1667 1133 scriptorem
1681 1051 1714 1113 ot
1726 1044 1819 1114 mem

498 1173 631 1262 prodere
650 1151 786 1242 videtur⁴
798 1173 946 1242 ecclesiae
963 1172 1161 1239 Christianae
1183 1171 1356 1259 proprium.
1391 1171 1474 1238 unde
1495 1191 1559 1238 non
1581 1170 1734 1238 dissimile
1755 1172 1821 1238 veri

497 1301 640 1368 rideatur
654 1300 838 1386 scriptorem
858 1297 991 1383 aliquem
1009 1297 1168 1381 clericum,
1184 1298 1250 1363 sivo
1265 1296 1464 1379 monachum,
1487 1297 1554 1362 siva
1575 1296 1709 1364 tortasse
1725 1297 1820 1363 ctiam
1921 1282 1927 1290 ’

498 1426 690 1512 episcopum,
714 1423 796 1509 quod
819 1429 926 1490 tamen
947 1428 1079 1514 propter
1100 1422 1340 1507 incompositam
1356 1441 1461 1488 rerum
1475 1420 1680 1504 ‚divmarum
1696 1441 1822 1489 enarra-

497 1550 614 1617 tionem
630 1547 787 1615 difficilius
802 1547 938 1616 adducor
954 1547 1141 1631 atmodum,
1165 1551 1314 1634 excerpta
1336 1546 1413 1612 baec
1434 1547 1469 1611 in
1490 1567 1583 1612 usum
1603 1546 1822 1633 episcoporum

498 1695 534 1742 ac
557 1675 694 1741 maxime
717 1678 847 1760 propter
870 1673 1063 1760 episcopalia
1084 1671 1201 1738 iudicia
1222 1666 1456 1757 conscripbisse.

588 1799 782 1884 Quamquam
806 1798 891 1865 enim
906 1798 996 1864 initio
1014 1818 1052 1863 ex
1069 1792 1231 1885 apostoli⁴)
1253 1765 1396 1862 instituto
1411 1795 1496 1879 leges
1511 1795 1686 1862 saeculares
1701 1794 1741 1862 ab
1755 1795 1822 1881 opi·

497 1923 617 2010 scopeli
634 1923 793 1990 audientia
815 1922 1026 1990 alienissimae
1042 1920 1238 2005 videbantur,
1262 1921 1337 2006 quin
1360 1922 1466 2005 etiam,
1489 1921 1631 1988 neforto
1654 1926 1761 2008 sprota
1782 1921 1822 1989 ab

499 2049 677 2116 adversario
705 2049 862 2116 sententia
889 2047 1016 2130 arbitri,
1045 2066 1178 2133 poenam
1208 2066 1248 2112 ex
1270 2046 1422 2131 stipulatu
1450 2051 1557 2132 petere
1579 2065 1706 2114 necesse
1728 2051 1821 2130 esset,

497 2172 701 2240 iurisiurandi
723 2171 784 2238 fide
799 2171 996 2259 interposita,
1018 2191 1084 2238 uon
1098 2169 1373 2258 compromissis⁶)‚
1398 2171 1532 2237 arbitros
1555 2170 1670 2255 eligere
1693 2191 1821 2238 consue-

500 2304 567 2364 tum
591 2301 668 2382 erat,
692 2303 797 2365 umen
813 2296 1010 2364 Constantini
1030 2295 1153 2380 legibus
1175 2296 1239 2362 iam
1260 2315 1295 2362 re
1310 2295 1436 2383 publica
1450 2301 1483 2363 et
1496 2295 1629 2362 ecclesia
1644 2295 1823 2364 Christiana

497 2427 570 2510 post
603 2422 796 2489 interneciva
833 2423 1005 2488 certamina
1039 2423 1072 2486 in
1109 2441 1207 2487 unum
1240 2440 1354 2507 corpus
1391 2397 1545 2506 ecimus,
1577 2421 1693 2487 iurium
1726 2422 1821 2488 etiam

498 2547 665 2633 legumque
680 2547 862 2614 commixtio
878 2552 984 2614 secuta
999 2552 1056 2613 est.
1080 2567 1153 2612 nam
1166 2545 1324 2613 iudicandi
1338 2544 1441 2612 officio
1451 2567 1515 2613 non
1530 2551 1653 2614 tantum
1667 2546 1822 2614 iudicibus

499 2693 609 2740 verum
632 2671 736 2757 aliquo
759 2672 852 2738 modo
876 2671 970 2738 etiam
993 2672 1072 2758 ipsis
1095 2671 1251 2758 episcopis
1273 2672 1437 2758 imposito,
1464 2671 1683 2759 episcoporum
1706 2673 1824 2740 iudicia

500 2818 564 2864 non
588 2797 689 2864 solum
713 2798 820 2881 sacris,
844 2797 1017 2864 sedetiam
1041 2795 1184 2863 civilibus
1198 2795 1319 2881 legibus
1341 2797 1409 2880 regi
1430 2803 1609 2884 coeperunt.

589 2921 697 3007 Neque
720 2921 881 2988 tamenin
904 2927 1035 3007 utraque
1057 2927 1149 3009 parte
1170 2922 1296 3010 imperii
1319 2921 1428 2989 codem
1447 2923 1541 2989 modo
1563 2943 1614 2990 res
1637 2924 1799 3010 processit.

591 3047 672 3113 Nam
701 3047 733 3113 in
762 3047 946 3114 occidentali
973 3048 1099 3132 imperii
1128 3053 1219 3134 parte
1234 3047 1474 3114 Valentinianus
1500 3048 1621 3134 primus
1644 3047 1822 3134 Ambrosio,

500 3171 778 3241 Mediolanensinm
796 3173 953 3259 episcopo,
976 3170 1143 3238 mandasse
1156 3171 1281 3256 dicitur,
1299 3171 1348 3239 ‘ut
1368 3171 1452 3256 leges
1476 3177 1509 3239 et
1529 3171 1715 3240 iudiciorum
1739 3175 1823 3241 ordi·

397 3345 399 3350 ,
502 3319 558 3366 nes
587 3295 810 3383 componeret,
841 3297 952 3386 quibus
976 3296 1140 3383 ‘praelecti
1164 3293 1326 3380 locorum'‚
1352 3297 1385 3362 id
1408 3305 1457 3363 est
1477 3304 1543 3363 tam
1567 3298 1705 3386 episcopi
1727 3321 1822 3386 quam

501 3423 629 3508 iudices,
653 3427 824 3489 uterentur.
859 3423 906 3488 ita
928 3423 1011 3489 enim
1025 3421 1199 3489 Ebediesus
1215 3421 1372 3507 Sobensis,
1392 3422 1549 3490 interimis
1566 3423 1692 3509 quidem
1710 3425 1823 3493 aetatis

502 3554 536 3615 at
561 3553 664 3615 certae
686 3545 758 3613 fidei
782 3546 1067 3632 subtilissimasque
1088 3547 1271 3614 eruditionis
1295 3549 1430 3635 scriptor
1451 3545 1613 3630 rettulit⁶).
1651 3571 1753 3637 neque
1774 3559 1825 3618 est

502 3673 586 3759 quod
602 3672 640 3739 de
655 3671 787 3739 veritate
802 3673 975 3740 testimonii
990 3672 1177 3757 dubitemus,
1201 3673 1284 3758 quod
1299 3672 1441 3758 quamuis
1457 3672 1548 3754 ἅπαξ
1561 3676 1733 3761 croweo
1748 3696 1822 3743 con·

502 3797 611 3881 ducat,
624 3803 731 3864 tamen
749 3802 911 3864 accuratae
927 3797 1089 3864 relationis
1105 3803 1137 3864 et
1147 3797 1315 3864 Nisibenae
1331 3798 1454 3866 scholae
1471 3800 1655 3867 auctoritate
1671 3800 1824 3869 subnixae

501 3923 638 4009 speciem
650 3923 755 3990 refert.
779 3921 854 4006 quid
866 3922 948 4008 quod
960 3942 1029 3988 meo
1042 3921 1292 4006 quidemiudicio
1304 3923 1383 3990 nibil
1394 3923 1508 4009 obstat,
1519 3945 1580 4010 qno
1591 3925 1696 3992 minus
1707 3928 1822 4013 operis,

502 4049 541 4115 de
564 4069 624 4134 quo
648 4045 795 4114 Sobeusis
817 4047 954 4132 rettulit,
977 4048 1205 4114 consummatio
1229 4049 1269 4114 ad
1291 4069 1407 4115 annum
1423 4051 1489 4114 390
1512 4056 1544 4116 ct
1557 4049 1658 4134 legem
1673 4049 1733 4118 Dei
1755 4052 1824 4119 sire

500 4171 708 4240 blosaicarum
732 4179 764 4240 et
784 4171 996 4240 Romanarum
1016 4172 1121 4256 legum
1141 4171 1339 4241 collationem
1359 4175 1470 4241 referri
1484 4175 1735 4244 commodissime
1748 4197 1823 4263 pos·

502 4299 553 4366 sit
579 4318 673 4383 quam
687 4303 794 4365 tamen
809 4299 1019 4365 coniecturam
1034 4298 1163 4384 proprio
1175 4299 1399 4365 commentario
1411 4301 1641 4384 exsequendam
1652 4303 1821 4369 reservavi

590 4510 611 4575 ⁴)
637 4507 726 4563 lOor.
739 4509 765 4563 6.
784 4525 810 4563 v.
825 4509 911 4563 1-6.

590 4616 612 4682 ὅ)
636 4614 705 4669 ch.
720 4614 829 4670 Valent.
846 4587 906 4669 111.'
919 4615 960 4669 tit.
975 4615 1011 4670 34
1034 4613 1146 4670 ‘habeat
1169 4614 1314 4686 episcopus
1344 4609 1481 4671 licentiam
1508 4617 1658 4688 iudicandi,
1685 4627 1823 4691 praecauto

503 4729 586 4776 umen
603 4724 701 4776 uinculo
719 4722 908 4792 compromissi’
928 4737 981 4777 non
999 4722 1108 4793 proprio
1124 4713 1209 4778 uerbo
1227 4723 1321 4778 utitur.

591 4829 612 4893 ⁶)
637 4827 781 4883 Assemani
798 4827 863 4884 bibl.
876 4843 915 4884 or.
927 4829 967 4884 lll
983 4845 1011 4898 p.
1024 4829 1086 4884 269.
1111 4829 1251 4898 Repetirit
1266 4831 1301 4885 A.
1313 4829 1368 4886 blai
1385 4831 1413 4885 in
1430 4829 1592 4900 scriptorum
1609 4835 1732 4886 veterum
1749 4846 1826 4887 nora

383 4963 386 4968 ·
503 4935 670 4992 collectione.
695 4933 772 4992 Tom.
783 4933 817 4990 X.
840 4935 943 4992 Romae
957 4936 1035 4992 1838.
1058 4936 1085 4991 4.
1107 4951 1172 5006 pag.
1185 4935 1228 4992 54.
