4142 5817
502 519 573 589 112
877 511 1035 562 Anonrc's
1054 511 1259 564 ramuoldus
1277 511 1440 563 RUDORFF

496 688 663 782 Praeterea
684 689 817 756 Zenonis
840 689 909 774 lege
931 695 1015 757 totus
1039 690 1126 757 locus
1149 691 1189 757 ad
1211 710 1329 786 poenas
1352 688 1527 757 calumniae
1555 695 1588 756 et
1615 695 1733 755 temere
1754 686 1819 754 liti-

497 815 638 898 gantium
661 815 801 881 reuocari
824 814 957 900 videtur,
987 815 1070 882 unde
1092 821 1124 882 et
1145 817 1258 882 tutoris
1281 816 1473 882 curaturisve
1496 815 1589 902 culpa
1610 813 1766 900 excipitur
1788 818 1821 879 et

496 939 597 1027 ipsius
621 940 739 1006 domini
768 940 946 1024 ignorantia
974 946 1156 1008 excusatur:
1185 960 1256 1007 cum
1279 945 1384 1008 vetare
1412 941 1480 1007 iure
1508 940 1585 1007 satis
1608 941 1711 1006 visum
1738 942 1821 1004 esset

498 1065 536 1132 de
559 1064 667 1132 eadem
689 1085 725 1131 rs
747 1065 844 1132 semel
866 1067 948 1133 inter
965 1066 1089 1133 eusdem
1113 1071 1218 1133 actum
1240 1065 1453 1133 iudicatumve
1474 1066 1587 1150 fuisse,
1611 1085 1710 1150 usque
1733 1063 1821 1147 adeo,

498 1194 533 1256 ut
547 1190 597 1256 rol
619 1195 722 1258 tutore
745 1195 927 1258 omatoreve
950 1196 1062 1275 agente
1085 1190 1223 1278 pupillus
1246 1195 1346 1258 toturn
1368 1211 1436 1258 rem
1459 1191 1613 1278 perderet,
1636 1210 1737 1276 neque
1757 1188 1821 1254 ullo

498 1315 601 1398 modo,
624 1319 789 1402 postquam
805 1316 872 1384 dies
887 1316 1033 1401 venisset,
1057 1337 1166 1384 rursus
1189 1337 1281 1401 agere
1304 1312 1464 1405 possct²⁶t
1482 1351 1523 1361 -
1539 1315 1656 1394 Quodsi
1672 1314 1726 1401 qni
1741 1319 1821 1381 tem·

497 1459 574 1527 pore
596 1440 667 1526 plus
689 1441 839 1527 petierint
859 1441 925 1508 litis
948 1441 1063 1507 damno
1086 1462 1125 1509 er
1146 1441 1268 1526 legibus
1283 1441 1483 1508 Constantini
1505 1445 1698 1524 coercentur,
1722 1439 1821 1505 multo

498 1565 598 1648 magis
621 1551 787 1632 dicendurn
811 1567 872 1633 erit
893 1588 927 1633 rc
949 1566 1017 1632 loco
1041 1587 1136 1633 causa
1159 1567 1230 1653 plus
1254 1567 1388 1653 petendo
1411 1588 1478 1633 rem
1502 1567 1615 1633 amitti.
1645 1585 1726 1651 quae
1747 1584 1820 1630 oon-

497 1691 618 1758 ieotura
639 1711 675 1758 eu
699 1691 876 1758 confirmari
893 1691 1015 1759 videtur
1032 1692 1115 1777 quud
1138 1693 1247 1758 eodem
1270 1699 1412 1779 ternpore
1433 1693 1467 1758 in
1490 1692 1650 1758 occidente
1671 1690 1744 1778 plus
1766 1711 1821 1777 pe-

497 1815 585 1882 tendi
607 1817 781 1902 periculum
805 1817 843 1884 ad
866 1821 1003 1910 veterem
1026 1815 1167 1900 regulam
1190 1818 1403 1884 existimatum
1428 1837 1497 1884 esse
1519 1822 1650 1883 consul
1685 1816 1754 1883 eius
1774 1814 1821 1881 roi

498 1941 588 2007 testis
611 1947 659 2008 ast
681 1941 855 2010 Eucherius
877 1941 1096 2027 Lugdunensis
1119 1943 1299 2029 episcopus,
1323 1943 1377 2028 qui
1398 1942 1528 2009 homilia
1544 1941 1590 2008 XI
1612 1942 1651 2009 de
1673 1940 1821 2028 paschate

493 2065 581 2132 ‘nura
609 2071 688 2134 sicut
715 2072 750 2134 ia
779 2073 910 2156 cepotc'r‘e
936 2071 1098 2156 perendie,
1128 2067 1245 2153 inquit,
1282 2081 1417 2155 quotuor
1449 2071 1551 2134 modis
1583 2068 1657 2155 plue
1686 2068 1820 2155 peteradc

499 2193 603 2259 subire
626 2193 803 2281 per-iculum
828 2217 891 2282 pro
916 2197 994 2260 iuria
1017 2197 1139 2260 ratione
1164 2194 1353 2280 perhibetur.
1391 2197 1503 2281 quidue
1528 2193 1688 2280 ‚qumawl
1715 2195 1751 2258 id
1778 2205 1822 2258 eat

500 2318 577 2400 loco,
600 2332 745 2406 tempore,
767 2343 888 2406 ponere,
913 2323 1094 2406 prenotate.
1131 2321 1208 2400 loco,
1230 2323 1260 2384 ai
1274 2320 1353 2384 olidi
1364 2319 1455 2403 forte
1468 2321 1531 2385 sibi
1544 2321 1680 2384 deditum
1701 2321 1820 2404 impro-

499 2444 737 2529 defendatur
759 2449 930 2526 extorsam,
956 2468 1052 2532 qaum
1073 2447 1131 2510 udi
1151 2448 1253 2511 cuano
1276 2445 1476 2532 deaipcabot3
1499 2458 1645 2532 tempore,
1670 2445 1821 2520 cicitiua3

498 2573 681 2654 quantitate,
705 2573 736 2635 ai
756 2571 892 2658 amplias
914 2574 1056 2658 petierit3
1088 2593 1214 2656 pecare,
1243 2574 1275 2636 ei
1298 2571 1427 2636 alteriue
1450 2574 1506 2652 rei,
1534 2595 1572 2635 oc
1594 2570 1731 2635 melioria
1752 2592 1820 2632 ma·

498 2697 593 2761 tardae
608 2717 748 2777 macera,
766 2717 861 2782 quam
874 2699 1033 2784 acaptare
1048 2697 1232 2777 contuebar,
1251 2691 1394 2782 caeperit’
1400 2689 1445 2776 ²⁷).
1472 2693 1557 2760 Idem
1575 2691 1730 2777 significat
1744 2691 1822 2758 (lue-

498 2818 600 2886 sarius
628 2818 824 2888 Arelatensis
854 2820 892 2886 de
922 2821 1071 2907 paschate
1098 2820 1275 2886 humiliat
1303 2819 1381 2887 haec
1409 2819 1586 2906 proferens:
1615 2819 1708 2906 ‘qaid
1734 2832 1819 2906 apat,

498 2943 609 3030 inquil,
633 2948 714 3012 iuter
729 2946 803 3012 doec
817 2947 969 3031 fomilc‘oe
990 2970 1160 3034 persuasor
1175 2947 1316 3011 alienae?
1337 2947 1421 3011 videt
1440 2968 1545 3011 cauca
1566 2968 1639 3010 cuce
1662 2946 1822 3031 quondam

498 3091 571 3135 eaor
585 3073 715 3157 iureque
732 3094 793 3158 per
808 3075 999 3158 aperitionem
1014 3071 1131 3138 Circaei
1144 3074 1333 3159 icqeaaitcti
1348 3073 1480 3137 cuditur
1504 3085 1533 3137 ct
1546 3094 1579 3136 ce
1594 3093 1706 3136 casuue
1726 3093 1821 3156 prae·

498 3196 616 3261 iudicio
640 3198 784 3262 cecidicae
807 3210 836 3264 et
857 3219 889 3262 ee
907 3199 983 3284 plac
1003 3199 1132 3284 peterrda'
1152 3200 1322 3263 iucundae
1344 3199 1511 3262 commen
1633 3199 1663 3260 ai
1684 3197 1819 3281 qudem,

501 3342 569 3384 cara
592 3323 623 3386 ei
642 3321 732 3388 domo
751 3343 813 3408 per
832 3325 955 3408 peccati
976 3299 1181 3388 obidiecriam
1196 3323 1367 3403 deberetur,
1391 3323 1445 3387 ille
1459 3322 1574 3401 Deam,
1598 3325 1699 3408 specie
1721 3323 1820 3388 domi·

497 3449 549 3510 ais
577 3447 721 3533 deceptm
749 3441 935 3534 appetit'²⁸).
978 3446 1122 3533 Denique
1143 3446 1349 3513 Cassiodorus
1377 3445 1416 3512 ad
1445 3446 1603 3533 psalmum
1627 3447 1668 3512 38
1698 3446 1737 3514 de
1766 3447 1820 3531 eis,

498 3673 527 3728 in
544 3673 655 3729 incertis
673 3674 827 3730 actionibus
844 3690 879 3730 ne
897 3679 1018 3746 temporo
1036 3675 1147 3746 quidem
1164 3677 1226 3744 plus
1243 3676 1300 3745 peti
1318 3675 1439 3744 videtur,
1457 3675 1586 3745 quonium
1603 3680 1694 3730 tamen
1711 3674 1747 3730 de
1764 3680 1823 3731 tuta

499 3779 673 3850 stipulatione
691 3797 745 3836 non
762 3782 853 3851 plures
871 3783 999 3852 actiones,
1018 3783 1095 3837 utin
1114 3782 1210 3837 annuis
1227 3783 1334 3852 legatis,
1353 3782 1402 3837 sed
1421 3798 1476 3837 nna
1490 3781 1660 3837 solummodo
1675 3783 1747 3837 actio
1762 3796 1822 3851 pro-

498 3887 564 3955 poni
575 3886 690 3958 ridetur,
709 3902 822 3943 necesse
840 3894 883 3943 ost
900 3904 970 3958 eum,
989 3890 1037 3958 qui
1054 3888 1106 3943 hac
1124 3889 1184 3959 ipsa
1198 3890 1282 3944 cornel
1296 3889 1390 3958 egerit,
1406 3887 1513 3944 futuras
1525 3889 1607 3943 etium
1623 3888 1822 3957 praestationes

500 3993 709 4063 consumpsisse.
734 3999 808 4049 recte
826 3995 909 4065 igitur
927 3993 992 4050 lecit
1009 3999 1130 4065 praetor,
1148 3995 1222 4065 qnod
1240 3995 1325 4050 sclam
1343 3994 1414 4049 hanc
1432 4011 1467 4049 ex
1485 3995 1616 4064 stipulatu
1633 3993 1776 4050 formulam
1794 3994 1823 4049 in

499 4098 560 4168 ipso
578 4099 667 4156 edictu
689 4105 753 4171 post
775 4101 904 4157 divisoria
927 4102 1028 4157 iudicia
1046 4101 1136 4168 (Paul.
1154 4105 1224 4156 sent.
1238 4102 1262 4172 1,
1275 4103 1325 4168 20)
1349 4117 1412 4156 curn
1432 4102 1479 4156 illa
1495 4102 1708 4172 praescriptione
1725 4116 1822 4171 propo·

500 4206 556 4261 snit
569 4206 615 4262 ‘ea
632 4221 675 4262 res
693 4211 799 4278 agatrrr,
818 4209 895 4264 curius
914 4209 952 4263 rei
970 4207 1030 4263 dies
1047 4205 1109 4262 fuit'
1130 4207 1318 4278 (Gai.4,136.
1333 4207 1415 4277 138),
1437 4222 1472 4263 ne
1495 4209 1599 4264 scilicet
1615 4223 1695 4264 omne
1713 4207 1823 4263 omnino

502 4312 575 4383 qnod
589 4313 635 4369 ‘ob
654 4329 713 4369 earn
733 4315 810 4384 rem’,
828 4315 857 4370 id
875 4319 918 4370 est
934 4314 1007 4384 quod
1023 4313 1095 4383 ideo,
1113 4313 1179 4383 quia
1194 4314 1327 4370 incertum
1344 4318 1421 4370 actor
1434 4314 1579 4385 stipulatus
1591 4316 1635 4385 sit,
1653 4293 1833 4385 praesensio

504 4420 612 4476 diomvc
630 4419 689 4476 dari
705 4425 837 4492 oporteat,
858 4421 886 4476 in
904 4421 1034 4476 iudicium
1052 4420 1151 4476 deduci
1169 4419 1314 4477 videretur.

590 4527 624 4595 ¹⁶)
648 4526 708 4584 Gai.
720 4529 747 4598 4,
761 4529 821 4584 123.
845 4528 939 4597 Papin.
952 4528 984 4583 L.
995 4528 1047 4583 118
1065 4533 1080 4593 5
1094 4529 1108 4582 1
1121 4527 1156 4582 D.
1169 4527 1204 4583 do
1215 4528 1249 4584 V.
1259 4527 1290 4582 0.
1303 4529 1357 4598 (4.5,
1369 4530 1395 4593 1)
1407 4528 1524 4583 Dioclet.
1536 4533 1565 4583 et
1575 4528 1648 4583 ltux.
1659 4527 1688 4582 in
1700 4527 1822 4582 Consult

501 4634 552 4690 cd
571 4638 586 4700 t
599 4637 623 4689 6.
650 4633 792 4690 Oratorem
812 4634 1004 4704 rhetorumque
1021 4634 1179 4689 testimonia
1190 4633 1300 4704 collegit
1311 4633 1447 4690 Schrader
1463 4633 1500 4688 ed
1512 4638 1527 4699 ξ
1538 4635 1574 4690 33
1592 4635 1612 4688 1.
1626 4634 1661 4690 de
1674 4638 1726 4689 oct.
1739 4634 1775 4703 (4,
1785 4635 1823 4700 6).

500 4741 543 4797 De
561 4757 590 4795 re
608 4737 642 4796 cl.
656 4740 964 4810 Retinens-Hollwcg,
984 4741 1042 4796 Oiv.
1056 4741 1099 4795 Pr.
1118 4740 1180 4805 §87
1198 4744 1255 4796 not.
1268 4741 1361 4796 9-12
1378 4741 1459 4805 §152
1477 4743 1533 4796 not.
1543 4741 1586 4796 20.

588 4847 622 4915 ¹⁷)
645 4847 765 4903 Maxima
781 4847 846 4903 bibl.
865 4851 982 4917 patrum.
1006 4847 1095 4918 Lugd.
1109 4847 1177 4902 1677
1196 4847 1322 4903 Tom.VI
1338 4847 1473 4918 p.64313.

590 4955 623 5022 ⁸⁸)
646 4954 747 5024 llugna
764 4953 829 5010 bibl.
843 4958 961 5025 patrum.
985 4952 1155 5009 Paris.1654
1171 4953 1285 5009 Tom.II
1302 4971 1330 5023 p.
1340 4953 1401 5010 275.
