4142 5817
403 573 407 582 ,
490 514 564 585 124
870 502 1027 580 Apeiros
1046 502 1251 554 remeamus
1270 501 1433 554 aunensi*

575 683 640 750 Neo
669 682 779 748 mirari
809 686 933 767 oportet
954 681 988 746 in
1011 701 1082 747 eam
1105 702 1173 748 rem
1195 701 1259 747 non
1281 701 1391 766 areo,
1423 680 1478 748 sed
1501 680 1541 748 ab
1564 687 1670 748 actore
1691 687 1815 748 tantum

486 807 625 875 remedio
655 806 908 892 repromissionis
942 805 1033 871 initio
1062 804 1240 892 postulatae
1274 805 1429 871 deoimam
1459 807 1525 892 peti
1555 800 1697 892 posso⁷⁸t
1741 784 1836 872 nam*

485 952 558 998 reus
582 930 749 1016 sponsione
772 930 948 1015 iudicioque
968 930 1081 997 tertiae
1104 929 1292 996 dimidiaeve
1314 930 1415 1015 partis
1430 931 1532 996 rietus
1555 935 1628 1016 post
1649 929 1750 1014 legem
1766 929 1815 996 Si·

485 1056 562 1145 liam
577 1053 735 1121 interdum
749 1059 833 1120 uerte
847 1053 939 1138 longe
951 1055 1139 1124 severiorem
1153 1055 1373 1121 ooeroitionem
1386 1050 1591 1137 sentiebat'⁴).
1615 1074 1688 1120 nam
1705 1055 1732 1120 si
1744 1054 1815 1140 quis

485 1181 567 1246 forte
590 1178 725 1265 Ulpiano
749 1183 921 1264 praeeunte
944 1179 1062 1246 dixerit
1078 1179 1153 1243 ‘non
1177 1177 1289 1244 dobere
1312 1180 1411 1244 sotori
1433 1179 1545 1262 liuere,
1569 1178 1653 1264 quod
1674 1197 1729 1243 reo
1751 1197 1817 1244 non

486 1298 750 1391 permittitur⁷⁵)’‚
773 1302 906 1388 ideoque
930 1307 1067 1368 actorem
1095 1302 1333 1388 restipulatione
1356 1302 1544 1388 interposita
1566 1302 1661 1388 plane
1684 1302 1815 1368 eandem

486 1449 620 1515 poenam
631 1423 787 1512 subire⁷⁶),
802 1447 864 1493 non
876 1427 1070 1510 ineleganter
1079 1427 1319 1513 respondebitur
1327 1427 1504 1510 graviorem
1514 1425 1815 1493 etiaminlitiationis

486 1572 620 1639 poenam
645 1553 674 1618 ei
697 1553 779 1618 unde
803 1552 919 1638 petitur
935 1551 1047 1616 saltem
1071 1552 1105 1616 in
1126 1551 1312 1635 quibusdam
1330 1552 1432 1617 causis
1455 1550 1675 1637 praestitutam
1694 1546 1814 1631 esse⁷').

574 1675 719 1760 Denique
741 1695 799 1742 neo
821 1675 900 1741 illud
922 1696 972 1741 me
996 1681 1103 1741 moret
1131 1676 1298 1762 quominus
1326 1676 1466 1742 decimae
1493 1674 1645 1758 originem
1671 1695 1711 1740 ex
1734 1675 1816 1740 auti·

486 1800 637 1886 quissimo
659 1801 728 1867 iure
746 1801 873 1866 victoris
896 1805 1050 1885 repetam,
1074 1800 1156 1884 quod
1174 1799 1332 1866 calumnia
1347 1800 1448 1884 magis
1467 1800 1582 1866 aetoria
1597 1799 1704 1885 puniri
1720 1818 1815 1883 quam
1858 1871 1863 1878 ,

415 1961 419 1970 -
485 1925 636 1991 victoriae
651 1925 828 2011 praemium
845 1925 873 1990 oi
887 1924 968 1990 unde
984 1924 1103 2010 petitur
1119 1923 1240 1991 exsolvi
1252 1925 1384 1991 ridetur.
1412 1943 1487 1990 nam
1504 1923 1645 1989 adtectus
1658 1923 1815 1989 rationem

486 2048 699 2116 emendandae
722 2048 898 2132 iniquitatis
915 2068 1010 2114 eausa
1025 2048 1126 2114 edicto
1142 2049 1267 2114 demum
1284 2049 1439 2134 praetoris
1463 2048 1617 2114 adiectam
1642 2066 1710 2114 esse
1726 2051 1815 2132 puto,

486 2193 546 2258 quo
570 2174 692 2259 abipso
715 2173 749 2238 in
765 2171 813 2238 his
829 2173 939 2258 poenis
956 2172 1018 2238 alia
1041 2171 1191 2258 pleraque
1213 2171 1363 2238 innovata
1386 2192 1454 2239 esse
1477 2171 1607 2238 dubium
1629 2191 1692 2237 non
1714 2166 1813 2253 est⁷⁸).

485 2297 628 2382 iniquum
652 2297 736 2364 anim
763 2297 902 2382 praetori
925 2296 1027 2362 visum
1050 2297 1111 2363 fuit
1134 2296 1219 2363 ultra
1240 2296 1346 2363 dolum
1375 2302 1514 2364 actorem
1538 2295 1676 2379 obligari
1699 2302 1732 2362 st
1760 2296 1814 2363 ubi

484 2420 657 2509 perieulum
681 2421 790 2488 iudicii
813 2420 933 2487 nullum
956 2426 1112 2518 praestet,
1140 2420 1258 2488 ibidem
1285 2442 1357 2488 eum
1386 2420 1525 2507 periculo
1548 2421 1688 2488 deeimae
1710 2441 1812 2505 agore.

485 2546 517 2611 id
534 2565 607 2612 vero
623 2546 796 2630 antiquitus
812 2565 874 2610 non
890 2545 1064 2612 obtinuisse
1080 2552 1265 2629 argomento
1281 2551 1339 2630 est.
1356 2546 1439 2630 quod
1455 2546 1647 2613 eontrarium
1662 2545 1813 2612 iudicium

484 2671 634 2737 adversus
650 2671 836 2737 iniuriarum
854 2669 1019 2753 sotionem,
1037 2690 1129 2755 quam
1147 2691 1187 2736 ex
1202 2671 1423 2756 antiquissimo
1438 2671 1507 2737 iure
1523 2676 1555 2737 et
1567 2672 1672 2756 ipsam
1684 2671 1813 2737 desoen·

485 2795 559 2861 dere
581 2815 673 2862 nemo
697 2795 839 2879 ambigit,
862 2793 1042 2860 omnimodo
1064 2794 1157 2860 datur
1181 2796 1208 2861 si
1231 2799 1318 2862 aetor
1336 2814 1463 2861 oausam
1484 2815 1549 2861 non
1571 2795 1719 2879 tenuerit,
1739 2794 1814 2862 lieet

485 2919 591 3006 aliqua
613 2919 760 3006 opinione
781 2919 928 2986 inductus
951 2918 1121 2987 crediderit
1142 2939 1176 2986 se
1198 2924 1283 2986 reete
1306 2915 1450 3003 agere²⁹).
1836 2896 1839 2902 ¹

573 3042 658 3121 Quae
682 3044 787 3110 omnia
811 3044 923 3110 sinon
947 3043 1014 3108 sine
1038 3045 1160 3109 ratione
1183 3043 1315 3110 anobis
1338 3043 1499 3129 disputata
1521 3048 1610 3128 sunt,
1639 3045 1703 3111 iam
1725 3043 1813 3110 nullo

483 3168 591 3235 labore
620 3168 810 3254 perspicitur
836 3187 932 3253 quare
954 3167 989 3232 in
1017 3166 1139 3251 legibus
1161 3167 1328 3235 Iustiniani
1355 3167 1531 3235 oalumniae
1558 3173 1591 3235 et
1619 3170 1813 3236 sonnatium

572 3326 607 3392 τ1)
630 3325 717 3380 111οοί.
736 3328 765 3380 et
782 3324 854 3378 Max.
867 3323 934 3380 Ood.
948 3324 1077 3394 Hermog.
1102 3327 1128 3394 ὁ,
1141 3327 1158 3380 3
1176 3325 1220 3380 od.
1233 3325 1346 3380 Haanel.
1365 3339 1400 3380 ex
1413 3325 1567 3395 oonsultd,
1581 3326 1623 3380 13.
1646 3325 1812 3381 Bethmanu-

485 3431 616 3501 Hollweg,
636 3431 695 3486 Cir.
707 3431 750 3486 Pr.
763 3431 789 3485 11
807 3447 834 3499 p.
847 3431 900 3485 536
917 3434 973 3485 not.
985 3430 1030 3485 49.

537 3597 542 3606 ,
570 3538 604 3605 ⁷⁴)
628 3537 687 3592 Lex
704 3535 787 3591 Rubr.
807 3551 830 3590 o.
846 3537 878 3590 21
898 3553 924 3592 v.
935 3537 959 3590 7.
985 3533 1020 3590 of.
1039 3553 1066 3591 v.
1079 3536 1123 3590 35.
1149 3534 1248 3591 (1114.
1262 3537 1322 3591 171.
1630 3573 1637 3584 .

521 3714 524 3722 Ι
572 3645 605 3710 ⁷⁵)
630 3641 691 3712 Ulp.
710 3641 805 3697 111126
829 3641 865 3697 ad
890 3641 1011 3698 edietum
1034 3641 1106 3708 (sub
1127 3642 1207 3697 titulo
1230 3641 1265 3697 da
1287 3641 1371 3698 rebus
1392 3640 1521 3709 eraditis)
1541 3642 1620 3697 L.41
1639 3638 1812 3698 11111131

484 3748 543 3818 (50,
562 3750 616 3814 17).
930 3797 936 3808 ,

571 3855 604 3920 ⁷⁶)
628 3853 727 3923 (1114,
742 3855 801 3909 180.
826 3852 1150 3922 G011.N.A.14‚2§8.

571 3962 605 4028 π)
630 3961 686 4015 Oio.
705 3975 754 4029 pro
772 3960 871 4015 Flseao
890 3962 932 4014 21.
957 3959 1279 4028 bauwariorum
1301 3960 1404 4029 4,171.
1427 3959 1735 4030 Βοὼωαῃυ-ΗοΠπος,
1751 3961 1811 4016 (liv.

482 4067 526 4123 Pr.
538 4067 565 4121 Il
584 4071 599 4132 5
612 4067 664 4121 104
681 4083 708 4136 p.
719 4066 771 4121 537
791 4070 847 4120 not.
858 4066 892 4120 55
901 4095 930 4105 -
939 4067 981 4120 62.

571 4173 605 4240 ⁷⁸)
628 4171 687 4237 Quo
705 4171 733 4227 in
751 4185 864 4227 numero
882 4175 933 4242 ast,
952 4170 1025 4240 quod
1044 4169 1152 4226 leminis
1169 4171 1333 4241 pupillisque
1349 4176 1460 4241 propter
1471 4169 1619 4226 forensium
1632 4185 1721 4226 rerum
1734 4172 1811 4242 igno·

482 4278 597 4333 tantiam
615 4278 660 4332 vel
681 4277 848 4332 intellectum
868 4275 1043 4332 adiaotumve
1060 4275 1230 4332 definientem
1249 4292 1340 4347 poena
1358 4275 1512 4347 sponsionis
1529 4277 1631 4332 remitti
1649 4279 1721 4334 solet
1737 4277 1810 4344 (Gai.
1876 4283 1883 4294 ‘

481 4384 593 4454 4112),
611 4381 685 4452 quod
703 4383 868 4438 eontrarium
886 4383 1016 4438 iudioium
1035 4380 1103 4451 (fero
1120 4389 1152 4438 ut
1168 4380 1373 4459 napanoerapoui
1385 4383 1460 4453 apud
1472 4381 1603 4449 Graaoos)
1621 4385 1704 4440 sartis
1715 4384 1811 4454 eisque
1889 4445 1895 4452 .

482 4488 655 4558 gravioribus
673 4503 707 4544 ox
725 4489 816 4544 eausis
834 4489 920 4558 portis
932 4490 1044 4559 quintae
1057 4488 1138 4544 datiu
1155 4487 1227 4555 (Gai.
1240 4490 1266 4560 4,
1280 4490 1340 4544 177.
1363 4490 1665 4560 Betbmann·Hollweg
1676 4491 1703 4545 Π
1719 4507 1747 4560 p.
1756 4491 1809 4545 537

483 4597 540 4650 not.
552 4595 612 4662 54).
639 4608 755 4663 quaeum
775 4609 933 4663 eompararo
951 4596 1015 4650 lioet
1032 4595 1142 4665 quintas
1160 4599 1189 4650 et
1205 4599 1299 4650 sextas
1316 4611 1388 4668 quaa
1405 4597 1433 4650 in
1452 4595 1564 4652 arbitrio
1581 4596 1621 4652 rei
1639 4597 1751 4652 uxoriae
1768 4611 1817 4652 re··

482 4702 610 4756 tinentor.

571 4807 605 4874 79)
627 4805 688 4861 Gai.
700 4807 726 4876 4,
740 4807 800 4861 173
811 4807 871 4861 180.
895 4806 1203 4877 Bethmannflollweg,
1216 4806 1274 4863 (liv.
1284 4807 1328 4862 Pr.
1341 4807 1368 4863 lI
1380 4823 1408 4878 p.
1419 4808 1472 4862 533
1491 4812 1547 4863 not
1557 4809 1600 4864 38.
1618 4825 1646 4878 p.
1656 4809 1710 4864 534
1727 4809 1809 4864 1139.

483 4913 601 4984 lbaring,
620 4911 670 4968 das
689 4911 913 4968 Sobuldrnoment
932 4913 1024 4980 (1867)
1043 4930 1071 4983 p.
1085 4914 1183 4968 11146.
1249 4898 1254 4907 ’
