4142 5817
473 511 522 582 88
551 478 555 487 ’
782 489 785 495 ’
932 500 1141 554 rnuononns
1159 499 1343 562 nonanes,

469 681 547 746 haec
568 677 760 765 improbavit
781 677 929 744 Hertzins
958 678 1035 744 talia
1064 683 1223 764 temptans
1253 679 1337 765 ipse:
1356 677 1472 744 ‘Penus
1496 683 1544 745 est
1561 679 1644 764 qnod
1658 678 1800 746 esculen-

464 799 545 869 ‘tnm
575 810 630 868 aut
654 802 853 887 poculentum
879 807 934 868 est.
982 802 1071 880 Quod
1094 803 1195 889 ipsius
1218 802 1455 889 patrisfamilias
1590 823 1685 869 eausa
1706 823 1799 889 para·

464 929 543 996 ‘turn
568 934 631 1011 est,
655 933 690 993 ιιι
712 925 835 992 Mucius
859 929 919 1010 ait,
944 939 1044 1013 penus
1067 927 1166 992 videri
1189 924 1294 993 debet’
1320 927 1369 993 vel
1393 927 1488 993 etiam
1513 927 1573 992 sic:
1592 926 1708 993 ‘Penus
1724 976 1732 992 .
1746 974 1755 991 .
1769 977 1797 992 ..

464 1052 678 1139 ‘poculentum
711 1056 759 1116 est
784 1057 815 1116 et
837 1051 920 1135 qnod
945 1099 1029 1116 ....
1054 1057 1202 1137 paratum
1225 1058 1282 1116 est.
1328 1050 1380 1134 Id,
1409 1057 1444 1118 nt
1465 1049 1586 1116 Mucius
1609 1051 1669 1133 ait,
1699 1071 1798 1136 penus

465 1176 579 1242 ‘videri
602 1171 718 1242 debet.
753 1153 798 1239 At
819 1173 996 1259 philologus
1019 1194 1210 1259 quamquam
1233 1175 1355 1241 cantior
1376 1175 1438 1240 fuit
1458 1174 1670 1241 iureconsulto
1693 1174 1726 1239 in
1749 1194 1799 1240 se·

470 1301 578 1367 candis
602 1299 790 1384 urendisque
813 1299 909 1380 sanis,
933 1304 1039 1365 tamen
1062 1319 1163 1383 neque
1178 1319 1355 1365 sermonem
1370 1299 1447 1364 satis
1463 1298 1681 1364 cohaerentem
1697 1297 1800 1364 effecit

471 1430 503 1492 et
531 1425 672 1509 ineptum
702 1443 826 1490 comma
848 1423 896 1488 ‘ut
918 1421 1040 1487 Mucius
1067 1418 1123 1487 ait’
1150 1422 1233 1508 apud
1262 1443 1332 1488 eurn
1363 1443 1486 1508 quoqne
1512 1423 1674 1488 remansit
1720 1421 1800 1487 Mihi

473 1549 549 1631 quid
571 1547 715 1613 videatur
737 1553 773 1612 nt
796 1547 951 1631 aperiam,
975 1547 1183 1632 principium,
1207 1552 1242 1610 ut
1264 1547 1341 1630 dini,
1365 1552 1490 1632 praeter
1512 1547 1645 1629 minora,
1668 1545 1707 1611 de
1730 1545 1799 1630 qui·

470 1671 528 1737 bus
557 1676 670 1757 postea
691 1669 882 1752 videbimus,
912 1689 1023 1734 sanum
1052 1675 1100 1734 est
1127 1670 1315 1756 scripsitque
1339 1669 1490 1735 Scaevola
1518 1671 1564 1735 ita
1584 1671 1663 1736 fere:
1682 1668 1798 1735 ‘Penus

465 1794 536 1878 ‘est
561 1795 643 1879 quod
667 1793 859 1859 esculentum
885 1799 939 1858 aut
961 1793 1157 1878 potulentum
1175 1800 1232 1877 est,
1257 1795 1339 1877 qnod
1355 1795 1454 1880 ipsius
1470 1793 1707 1879 patrisfamilias
1723 1842 1798 1858 ....

466 1918 574 1983 ‘causa
597 1923 742 2003 paratum
768 1905 840 1983 est’.
876 1916 956 1982 Nam
981 1917 1026 1982 ita
1050 1916 1152 1984 solent
1174 1917 1297 1983 definiri
1321 1917 1359 1982 ab
1382 1917 1520 2001 antiquis
1542 1918 1621 1983 iuris
1636 1892 1799 2000 uocabula,

470 2047 507 2107 ut
528 2040 682 2124 generalis
706 2041 792 2106 notio
817 2040 925 2106 addita
948 2039 1008 2104 alia
1032 2046 1105 2126 post
1128 2041 1222 2107 aliam
1246 2042 1506 2107 determinatione
1528 2041 1742 2127 particulatim
1758 2040 1800 2106 ad

469 2164 548 2232 fines
570 2165 716 2251 proprios
740 2170 771 2230 et
794 2169 895 2230 certos
918 2164 1090 2247 redigatur,
1114 2165 1216 2248 qualis
1240 2171 1289 2230 est
1310 2164 1366 2230 illa
1388 2164 1528 2231 definitio
1547 2165 1708 2232 sollemnis
1723 2185 1799 2248 gen·

441 2373 445 2378 .
470 2289 573 2354 tilium
602 2289 635 2353 in
659 2287 818 2360 Ciceronis
841 2287 965 2372 Topicis
996 2309 1034 2353 ex
1065 2289 1135 2374 ipso
1159 2288 1309 2354 Scaevola
1336 2288 1450 2354 relata:
1475 2289 1621 2372 ‘gentiles
1648 2295 1722 2355 sunt
1745 2289 1799 2374 qui

463 2407 562 2479 ‘inter
584 2433 617 2479 se
634 2411 743 2478 eodem
760 2412 887 2476 nomine
904 2417 988 2495 sunt,
1012 2413 1066 2497 qui
1083 2412 1122 2478 ab
1137 2412 1282 2495 ingenuis
1298 2413 1422 2478 oriundi
1443 2419 1526 2497 sunt,
1550 2433 1682 2497 qnorum
1698 2413 1799 2478 maio-

464 2534 548 2602 ‘rum
571 2556 663 2602 nemo
687 2536 871 2601 servitutem
894 2535 1034 2620 servivit,
1058 2536 1112 2621 qui
1135 2537 1238 2622 capite
1258 2557 1321 2602 non
1339 2542 1414 2603 sunt
1436 2535 1612 2603 deminuti’.
1655 2527 1798 2602 Similem

470 2660 597 2746 penoris
612 2657 825 2726 definitionem
841 2658 982 2726 hocloco
998 2664 1152 2744 tenemus,
1176 2680 1269 2744 quarn
1285 2660 1502 2746 pessumdedit
1516 2662 1664 2727 Hertzins
1679 2662 1799 2727 inserta

470 2783 598 2870 copula:
629 2784 905 2850 determinationes
935 2784 1018 2849 enim
1045 2783 1105 2850 hae
1127 2805 1191 2849 non
1213 2785 1303 2850 iuxta
1325 2791 1500 2870 ponuntur,
1530 2786 1585 2852 sed
1608 2787 1798 2873 praecedens

471 2927 613 2993 quaeque
648 2906 795 2973 delinitur
824 2907 923 2989 magis
952 2913 1172 2992 coartaturque
1201 2929 1258 2994 per
1280 2909 1430 2994 ‚proxime
1458 2916 1657 2994 sequentem,
1685 2917 1721 2977 nt
1748 2910 1799 2975 hic

471 3031 624 3098 secundus
652 3031 802 3098 articulus
826 3030 985 3097 estalenta
1007 3051 1046 3096 ea
1068 3031 1221 3116 excludit,
1252 3052 1331 3117 quae
1353 3053 1416 3099 non
1439 3039 1513 3100 sunt
1535 3040 1648 3120 parata
1670 3039 1799 3121 propter
1846 3105 1853 3118 ,

469 3156 633 3221 familiam.
679 3156 745 3221 lam
776 3175 854 3240 quae
879 3161 1068 3240 sequnntur,
1098 3156 1138 3220 iis
1166 3150 1267 3222 denuo
1294 3157 1496 3240 restringitur
1523 3177 1560 3224 ea
1588 3179 1682 3243 quarn
1706 3158 1799 3224 Suae·

470 3278 543 3346 vola
576 3281 683 3366 posuit
714 3279 841 3365 penoris
876 3278 1030 3362 definitio,
1066 3278 1121 3344 sed
1158 3287 1282 3345 utnon
1310 3281 1379 3366 ipse
1407 3301 1477 3346 eam
1505 3281 1636 3348 ulterius
1665 3283 1799 3348 circum·

471 3403 602 3487 scribat,
621 3404 676 3482 sed
701 3403 780 3468 alius
796 3403 900 3469 nescio
917 3403 981 3487 qui,
1005 3404 1056 3467 cui
1079 3403 1186 3489 priora
1208 3425 1271 3469 non
1294 3404 1528 3472 satisfecissent.
1563 3405 1611 3471 Eo
1634 3407 1718 3471 enirn
1741 3407 1799 3472 dn·

471 3532 546 3594 onnt
568 3530 599 3593 et
621 3526 717 3593 verba
735 3526 783 3592 ‘ut
804 3526 926 3593 Mucius
944 3523 1020 3610 ait',
1051 3547 1131 3611 quae
1158 3527 1277 3593 frustra
1302 3534 1452 3595 revocant
1474 3528 1514 3594 ad
1536 3529 1743 3614 Favorinum,
1766 3536 1798 3597 et

472 3670 552 3734 quae
575 3655 747 3734 sequuntur
770 3671 827 3737 per
850 3671 883 3716 se
905 3651 1011 3716 facilia
1034 3657 1066 3716 et
1086 3651 1197 3737 plana:
1228 3672 1344 3737 penore
1368 3655 1451 3719 eninr
1475 3653 1621 3719 dicuntur
1645 3655 1798 3720 contineri

470 3795 535 3840 non
558 3775 664 3850 omnia
686 3775 844 3842 esculenta
860 3780 891 3841 et
914 3775 1077 3860 potulenta
1098 3774 1236 3841 familiae
1260 3795 1355 3842 causa
1377 3782 1499 3862 parata,
1522 3778 1578 3842 sed
1599 3777 1668 3843 sola
1689 3799 1797 3844 recon-

471 3899 538 3964 dita
561 3899 744 3984 posterioris
768 3899 886 3965 usionis
910 3917 1014 3982 causa,
1037 3919 1101 3963 non
1125 3899 1312 3985 deprompta
1334 3901 1408 3982 iarn,
1431 3900 1486 3966 sed
1502 3899 1669 3984 aliqnando
1685 3902 1798 3988 depro-

470 4022 600 4106 menda,
632 4027 663 4088 et
688 4023 734 4088 ita
755 4023 833 4088 haee
856 4022 1015 4105 dicuntur,
1045 4028 1166 4088 utnon
1190 4023 1323 4089 addatur
1345 4024 1433 4090 verbi
1456 4005 1550 4090 causa
1567 4023 1663 4109 ‘qnod
1686 4024 1798 4108 longae

465 4135 597 4212 tusionis
628 4147 732 4229 gratia
754 4146 914 4212 eonditum
937 4143 1010 4228 est',
1040 4146 1095 4211 sed
1118 4152 1280 4231 tamquam
1304 4169 1360 4234 per
1383 4149 1615 4214 contentionem
1638 4155 1670 4215 et
1692 4170 1798 4234 repre-

470 4270 650 4336 hensionem
676 4269 865 4336 definitionis
888 4290 950 4335 non
970 4271 1047 4335 satia
1064 4277 1228 4338 accuratae
1242 4272 1320 4338 haec
1335 4273 1532 4338 inducantur.
1566 4273 1700 4338 Accedit
1715 4273 1798 4358 qnod

469 4393 643 4460 Favorinus
668 4393 835 4460 Scaevolae
859 4395 954 4459 verba
982 4395 1060 4459 citat
1083 4401 1264 4481 eapropter,
1294 4401 1331 4461 ut
1351 4397 1577 4479 grammaticus
1599 4396 1633 4461 in
1656 4397 1797 4484 disputa·

470 4516 556 4582 tione
584 4523 750 4603 superatus
779 4519 926 4601 aequiore
955 4520 1059 4583 animo
1087 4519 1169 4584 ferat
1191 4521 1311 4585 nescire
1334 4541 1367 4584 se
1391 4520 1467 4604 quid
1489 4521 1532 4585 sit
1553 4539 1669 4604 penus,
1699 4521 1798 4586 etita

469 4641 509 4704 iis
534 4641 709 4725 praefatur:
729 4640 780 4706 ‘ne
803 4641 849 4706 illi
873 4641 998 4726 quidem
1022 4644 1137 4707 veteris
1159 4644 1238 4708 iuris
1260 4645 1414 4727 magistri,
1439 4645 1491 4726 qui
1514 4644 1673 4729 sapientes
1689 4643 1797 4729 appel·

465 4762 535 4829 ‘lati
558 4769 646 4848 sunt,
670 4763 815 4831 definisse
839 4765 915 4830 satis
938 4769 1021 4831 recte
1046 4766 1277 4849 existimantur,
1302 4768 1378 4852 quid
1400 4767 1444 4832 sit
1465 4765 1595 4852 penus’3
1624 4767 1707 4852 quod
1730 4773 1796 4832 tum

471 4887 598 4957 demum
623 4889 788 4972 constabit,
812 4909 881 4954 cnm
898 4890 931 4955 in
948 4889 1150 4976 sequentibus
1166 4889 1334 4956 Scaevolae
1348 4892 1475 4976 penoris
1491 4890 1631 4956 delinitio
1655 4911 1674 4956 a
1693 4897 1798 4977 poste-

1605 5065 1619 5101 t
