4142 5817
675 531 723 584 AD
743 532 867 586 ΟΑΡΠἋ
884 531 957 588 DUO
976 531 1160 586 caumana
1202 570 1206 578 -
1528 544 1578 614 87
1701 601 1706 608 .

384 710 535 788 Quintum
547 709 731 776 Scaevolam
746 710 786 776 ad
798 710 1075 777 demonstrandam
1091 731 1175 798 penu
1185 710 1235 777 his
1250 711 1353 779 verbis
1369 733 1460 779 usum
1477 713 1579 780 audio.

384 833 488 901 Penus
511 839 569 918 est,
592 834 704 919 inquit,
728 834 811 919 quod
835 834 1028 901 esculentum
1050 840 1105 901 aut
1120 835 1336 919 posculentum
1353 834 1580 921 (postulentum

384 959 478 1040 Par.)
502 961 560 1041 est,
584 958 666 1041 quod
687 957 788 1043 ipsius
808 957 1062 1044 patrisfamilias
1088 963 1143 1023 aut
1163 957 1299 1025 liberum
1321 959 1422 1044 patris
1443 959 1581 1027 familias

386 1081 453 1149 aius
477 1101 571 1166 quam
594 1082 711 1146 circum
735 1101 789 1147 eos
812 1059 868 1147 aut
888 1080 1005 1147 liberos
1023 1071 1090 1146 eins
1107 1087 1155 1147 est
1169 1087 1202 1148 ct
1216 1102 1295 1168 opus
1310 1102 1374 1148 non
1388 1083 1465 1148 lacit
1487 1102 1583 1151 causa

385 1211 531 1292 paratum
560 1209 624 1289 est,
652 1210 688 1270 ut
710 1202 831 1270 Mucius
860 1205 920 1290 ait,
949 1224 1050 1290 penus
1074 1205 1174 1271 videri
1197 1204 1298 1272 debet
1332 1205 1414 1272 Nam
1439 1227 1519 1291 quae
1542 1208 1582 1274 ad

387 1328 541 1396 edendum
565 1328 796 1413 bibendumque
822 1328 857 1392 in
885 1327 951 1394 dies
980 1327 1121 1412 singulos
1143 1330 1270 1415 prandii
1294 1335 1348 1396 aut
1370 1350 1466 1396 cenae
1488 1351 1584 1398 causa

386 1457 554 1540 parantur,
583 1471 683 1537 penus
706 1471 770 1517 non
793 1458 881 1536 sunt,
911 1451 967 1519 sed
991 1472 1029 1518 ea
1056 1453 1177 1539 potius,
1206 1473 1286 1537 quac
1308 1453 1437 1520 huiusce
1459 1457 1582 1539 generis

385 1577 498 1659 longae
520 1575 639 1641 usionis
660 1575 762 1658 gratia
777 1576 1005 1642 contrahuntur
1021 1581 1053 1642 et
1067 1575 1279 1643 reconduntur
1294 1597 1335 1644 cx
1350 1598 1397 1662 eo,
1421 1579 1504 1663 quod
1519 1598 1583 1646 non

386 1701 420 1767 iu
443 1705 591 1787 promptu
614 1704 677 1783 est,
705 1699 761 1764 sed
787 1699 872 1765 intus
896 1705 927 1766 et
951 1701 1076 1786 penitus
1097 1699 1273 1766 habeantur
1296 1700 1461 1781 (habeatur
1485 1704 1583 1785 Rota.)

385 1843 486 1911 penus
509 1823 595 1890 dicta
617 1828 691 1889 sunt
713 1822 774 1904 (est
796 1825 905 1906 Rom).

253 1948 357 2016 Petita
383 1948 461 2014 haec
489 1945 792 2024 assecurationis
819 1947 897 2013 iuris
925 1945 1027 2013 civilis
1050 1946 1131 2013 libro
1160 1946 1297 2014 secundo
1325 1947 1520 2032 intellegitur
1544 1968 1584 2014 ex

254 2072 382 2160 Ulpiani
409 2071 430 2137 l.
447 2071 537 2138 XXII
565 2071 605 2138 ad
633 2069 784 2137 Sabinum
814 2070 898 2153 (Dig.
919 2070 979 2136 l.3
1003 2092 1050 2156 pr.
1067 2071 1098 2136 lr.
1115 2071 1168 2154 t),
1198 2070 1252 2137 ubi
1280 2073 1326 2137 sic
1356 2076 1418 2139 ost:
1437 2070 1584 2148 ‘Quintus

248 2195 383 2263 ‘Mucius
406 2195 516 2262 scribit
536 2195 617 2262 libro
641 2194 776 2261 secundo
799 2194 877 2260 iuris
900 2194 1002 2261 civilis
1025 2214 1110 2280 penu
1131 2193 1236 2277 legata
1251 2195 1405 2262 contineri
1421 2215 1501 2279 quae
1517 2194 1585 2261 esui

249 2320 412 2407 ‘potuique
435 2325 517 2386 sunt.
552 2319 636 2385 idem
653 2317 787 2384 Sabinus
809 2318 897 2384 libris
915 2318 954 2384 ad
970 2317 1133 2384 Vitellium
1149 2315 1283 2385 scribit’.
1319 2317 1465 2386 Graviter
1480 2323 1584 2386 autem

254 2447 403 2531 corrupto
429 2463 498 2510 csso
521 2441 665 2510 Gelliana
686 2442 742 2508 illa
767 2447 799 2508 et
820 2463 861 2510 ne
884 2443 1059 2508 orationem
1082 2441 1209 2527 quidem
1232 2441 1399 2509 cohaerere
1420 2462 1513 2508 nemo
1536 2446 1586 2508 est

256 2569 332 2654 quin
353 2567 475 2635 videat:
499 2573 532 2634 at
555 2567 609 2652 qui
631 2566 688 2632 has
710 2566 841 2634 mendas
863 2565 974 2633 tollere
996 2566 1101 2633 conati
1124 2572 1208 2650 suut,
1231 2567 1258 2632 si
1280 2567 1356 2651 quid
1376 2567 1468 2633 video
1484 2566 1585 2633 adhuc

255 2711 366 2779 parum
390 2691 598 2778 profecerunt.
634 2690 717 2756 Nam
739 2695 775 2756 ut
796 2690 933 2776 primum
958 2690 997 2756 de
1016 2710 1141 2756 summa
1160 2691 1382 2775 resideamus,
1405 2688 1585 2756 Huschlrius

256 2817 395 2883 comita
417 2816 559 2902 scripsit:
577 2813 690 2901 ‘penus
714 2819 847 2880 estnon
871 2815 1007 2899 quidque
1024 2813 1062 2895 (ll
1079 2813 1271 2881 esculentum
1296 2820 1351 2880 aut
1372 2814 1584 2901 poculentum,

250 2938 319 3008 ‘scd
342 2939 425 3026 quod
443 2938 685 3026 patrisfamilias
809 2958 905 3005 causa
926 2943 1073 3024 paratum
1098 2943 1161 3021 est,
1185 2939 1233 3021 id,
1256 2937 1378 3004 lduoius
1402 2938 1462 3022 ait,
1485 2958 1584 3023 penus

210 3129 216 3138 ,
250 3063 364 3132 ‘videri
391 3061 510 3149 debct’,
543 3063 685 3130 restituit
717 3063 843 3148 quidem
879 3062 1015 3148 aliquem
1048 3081 1154 3128 rerum
1182 3061 1324 3128 ordinem
1355 3060 1585 3146 verborumque

256 3193 413 3272 tenorem,
442 3187 498 3254 sed
524 3189 600 3254 item
622 3187 731 3252 multis
754 3185 933 3253 nominibus
956 3159 1108 3272 peccavit.
1154 3184 1236 3251 Nam
1260 3190 1296 3251 ut
1317 3185 1441 3252 mittam
1465 3185 1584 3251 violeu-

256 3313 350 3397 tiam,
385 3331 465 3397 quae
492 3310 613 3377 nullum
642 3331 743 3396 paene
774 3309 925 3376 orationis
952 3308 1118 3376 articulum
1148 3309 1302 3376 intactum
1330 3308 1460 3394 reliquit
1483 3329 1585 3393 neque

257 3455 384 3502 causam
413 3435 609 3522 probabilem
638 3439 686 3501 tot
708 3454 850 3500 errorum
875 3435 1013 3520 speruit,
1043 3435 1180 3520 primum
1205 3433 1341 3500 absurda
1362 3433 1417 3499 illa
1438 3433 1584 3518 repetitio

252 3559 385 3626 ‘Mucius
402 3556 473 3645 ait’,
490 3559 578 3626 ouius
594 3559 694 3644 ipsius
705 3558 801 3625 verba
815 3558 867 3624 hic
877 3563 1097 3644 proponuntur
1107 3556 1202 3624 nullis
1214 3556 1364 3623 Favorini
1378 3557 1585 3642 interpositis,

258 3684 412 3771 quomodo
440 3686 606 3750 excusetur
628 3702 691 3748 non
714 3683 880 3769 perspicio.
927 3681 1050 3749 Deinde
1073 3702 1145 3749 cum
1168 3681 1309 3748 eiusdem
1331 3682 1445 3766 capitis
1468 3681 1585 3768 prinoi-

257 3809 345 3896 pium
374 3807 522 3875 afferatur
551 3806 589 3872 ab
613 3805 748 3892 Ulpiano
776 3806 837 3890 ita,
865 3812 902 3872 ut
929 3805 1021 3891 plane
1044 3805 1220 3872 consentiat
1242 3825 1314 3870 cum
1337 3803 1482 3871 Gelliana
1504 3805 1585 3871 rela-

257 3932 359 4016 tione,
387 3935 471 3998 ocrtc
500 3930 596 3998 verba
624 3929 679 3995 illa
709 3928 944 4015 simplicissimo
972 3935 1004 3996 ct
1031 3929 1213 4013 redecima,
1240 3928 1339 3995 immo
1363 3928 1439 3994 alibi
1462 3948 1585 4014 quoque

258 4055 377 4143 passim
400 4055 536 4141 repetita
558 4058 590 4120 ct
612 4053 738 4119 omnino
760 4051 919 4120 tralaticia
935 4047 1048 4148 ‘panus
1071 4057 1120 4119 est
1142 4052 1224 4137 quod
1247 4051 1441 4118 esculentum
1459 4057 1515 4117 aut
1528 4072 1586 4138 po·
1678 4119 1681 4124 ,

200 4239 204 4249 .
253 4179 420 4248 ‘tulontum
450 4175 511 4245 est’
536 4177 658 4244 collatis
680 4177 785 4244 verbis
809 4176 978 4243 Scaevolae
1006 4177 1046 4243 ab
1069 4175 1205 4262 Ulpiano
1233 4175 1343 4242 relatis
1359 4175 1457 4262 ‘peno
1481 4148 1586 4258 legata

253 4300 420 4371 'confineri
446 4322 527 4386 quaa
549 4302 618 4368 esui
639 4301 790 4388 potuique
813 4298 899 4367 sunt'
925 4300 964 4366 ab
988 4299 1075 4366 omni
1096 4298 1294 4385 corruptelae
1316 4299 1494 4384 suspicions
1516 4300 1585 4365 riu·

259 4427 412 4495 dicautur.
457 4425 602 4510 Denique
629 4425 793 4511 quinovit
815 4431 956 4492 auctores
979 4423 1118 4490 maxime
1140 4423 1295 4507 antiquos,
1318 4441 1489 4508 numquam
1511 4443 1586 4509 pro·

259 4551 347 4618 babit
364 4550 518 4617 eiusmodi
534 4549 748 4616 definitionem
763 4549 967 4635 incipientem
984 4569 1002 4613 a
1016 4547 1183 4632 negatione
1205 4547 1310 4612 nescio
1333 4567 1405 4632 qua,
1429 4567 1509 4632 quae
1524 4566 1585 4631 quo

258 4694 333 4741 vere
354 4673 512 4760 pertineat
533 4674 652 4741 frustm
674 4691 821 4758 quaeras:
844 4693 919 4739 nam
942 4672 1024 4757 quod
1040 4671 1143 4738 solum
1158 4669 1290 4754 cogitari
1304 4676 1408 4757 potest
1423 4690 1507 4757 penu
1521 4690 1586 4737 non

259 4797 481 4885 comprehendi
508 4797 732 4885 promercalia,
760 4797 816 4864 sed
842 4797 971 4864 usuaria
996 4796 1079 4880 sola,
1105 4815 1208 4880 neque
1229 4794 1275 4860 ita
1297 4800 1382 4862 reete
1405 4795 1586 4861 enuntiatur

190 5007 194 5014 ¹
260 4927 293 4991 et
321 4927 454 5010 apparet
481 4923 515 4987 in
542 4925 680 4988 oaomtu
708 4921 746 4988 dc
774 4941 892 5008 penore
914 4921 1011 4988 alium
1033 4921 1138 4986 locum
1159 4919 1307 4986 tenuisse.
1353 4917 1466 4986 Merito
1489 4919 1586 5002 igitur
