4142 5817
518 494 589 562 118
898 482 1057 534 ADOLFUS
1075 481 1281 532 sumptusve
1300 481 1463 532 RUDoRrr

514 663 736 744 conceduntur,
761 680 861 745 neque
886 662 984 726 actori
1007 660 1122 726 dantur
1146 659 1200 745 qui
1221 660 1394 726 instructus
1410 681 1478 726 esse
1504 665 1536 727 et
1559 659 1663 746 potuit
1683 665 1718 726 et
1739 659 1847 726 debuit

514 791 587 854 ante
604 805 698 871 quam
721 784 809 850 litem
833 781 1009 870 moveat⁴⁶),
1034 784 1090 851 sed
1107 785 1136 851 ei
1158 784 1242 850 unde
1265 784 1393 870 petitur.
1427 783 1511 869 quod
1533 785 1583 850 ius
1598 784 1685 850 venit
1707 804 1746 850 ex
1767 782 1845 868 legi·

514 913 572 978 bus
587 912 704 998 partim
721 904 950 990 Diocletiani⁴⁷)
974 910 1089 995 partim
1106 909 1315 993 Constantini,
1339 929 1420 994 quae
1434 909 1520 992 leges
1536 909 1570 977 in
1584 908 1754 993 codicibus,
1778 908 1848 994 qui·

514 1037 572 1102 bus
594 1034 694 1103 libelli
717 1036 756 1100 de
781 1056 841 1119 quo
866 1035 987 1118 sginum
1010 1036 1199 1120 scriptorem
1221 1054 1313 1100 usum
1329 1055 1399 1102 esse
1416 1039 1558 1120 apparet,
1582 1033 1775 1118 Gregorisno
1797 1035 1839 1099 in·

515 1180 607 1246 quam
633 1165 665 1226 et
684 1159 912 1242 Theodosium,
936 1179 1007 1224 cum
1030 1158 1308 1226 denuntiatouibus
1331 1159 1524 1244 compositae
1545 1155 1723 1240 fuerant⁴'l.

603 1284 652 1350 De
674 1305 737 1350 una
763 1304 798 1350 re
828 1283 938 1368 quaeri
965 1288 1085 1370 potest:
1114 1283 1191 1368 quid
1211 1283 1255 1349 sit
1276 1289 1463 1370 προθεσμα
1490 1303 1571 1368 quae
1594 1283 1769 1360 διαπανιός
1791 1303 1843 1350 ro·

515 1413 620 1492 catur,
645 1407 728 1493 quod
751 1403 879 1476 verbum
904 1407 1097 1491 Roedigerus
1120 1427 1160 1473 ex
1183 1408 1370 1473 auctoritate
1392 1408 1535 1474 codicum
1560 1407 1845 1493 manuscriptorum

515 1531 671 1598 Landiuni
694 1531 779 1598 illius
801 1531 880 1598 ‘dies
904 1529 1023 1618 posita’
1049 1531 1117 1596 loco
1139 1533 1290 1617 reposuit.
1327 1532 1383 1598 sed
1399 1532 1477 1598 mihi
1492 1530 1621 1598 dubium
1644 1551 1708 1597 non
1723 1531 1847 1596 videtur

515 1657 592 1742 quin
622 1663 808 1744 προθεσμία
838 1655 1015 1732 διαπαντὸς
1045 1655 1173 1742 (ἡμέρα)
1202 1661 1332 1741 ⁴tempus
1360 1653 1517 1739 significet
1546 1656 1630 1740 quod
1663 1675 1761 1721 unum
1788 1675 1846 1739 pro

515 1781 661 1847 omnibus
684 1781 905 1867 praestitutum
929 1779 1062 1864 ideoque
1084 1781 1310 1866 peremtoriam
1333 1780 1384 1846 sit
1424 1799 1505 1864 quae
1527 1778 1714 1863 significatio
1737 1798 1847 1863 quam·

515 1925 611 1989 quam
633 1906 667 1969 in
690 1904 892 1971 dilationibus
915 1904 1197 1971 instrumentorum
1220 1923 1317 1970 causa
1339 1904 1450 1971 dandis
1473 1903 1553 1970 alias
1574 1924 1639 1971 uon
1659 1921 1846 1970 commemo·

515 2035 614 2113 ratur,
639 2050 678 2096 en
702 2028 811 2096 ordine
834 2033 939 2095 tamen
964 2028 1148 2113 edictorum,
1172 2029 1274 2112 qualis
1292 2029 1442 2095 adversus
1463 2033 1664 2096 contumaees
1686 2024 1848 2094 obseruari

515 2153 605 2237 solet,
629 2154 796 2220 notissima
818 2159 875 2219 est.
912 2151 960 2234 (L.
975 2153 1016 2218 68
1033 2152 1072 2217 D.
1090 2153 1129 2219 de
1149 2152 1274 2218 iudiciis
1296 2151 1328 2236 b,
1346 2153 1388 2234 1).

1146 2452 1218 2528 llll.

604 2648 654 2716 De
677 2649 803 2715 recubus
825 2646 878 2714 iol.
896 2648 961 2712 219
984 2647 1089 2733 capite
1106 2647 1166 2713 107
1192 2647 1269 2713 baec
1291 2644 1421 2713 definita
1442 2650 1532 2713 sunt:

689 2771 745 2840 ‘Si
766 2776 818 2838 eoi
839 2795 909 2838 cem
932 2772 1030 2838 altero
1054 2773 1094 2838 iis
1116 2785 1161 2838 est
1187 2795 1243 2838 aee
1270 2775 1425 2838 intereos
1449 2774 1670 2864 decrementum
1688 2785 1789 2838 eremi
1809 2775 1848 2837 de

650 2921 685 2963 re
707 2899 931 2984 componenda,
955 2899 1010 2962 esd
1032 2898 1184 2962 altamira
1201 2920 1282 2984 pers
1305 2911 1393 2964 testea
1415 2919 1448 2962 se
1470 2897 1582 2964 bebere
1603 2899 1779 2977 contendat,
1802 2910 1848 2963 te-

651 3036 710 3088 stes
724 3045 788 3087 aori
805 3025 975 3090 admitteret
990 3023 1080 3108 tepea,
1104 3024 1171 3087 arbi
1188 3025 1253 3088 siae
1273 3024 1336 3088 deo
1359 3023 1408 3087 eel
1429 3036 1491 3088 tres
1513 3024 1578 3088 uiri
1591 3023 1658 3106 fide
1671 3023 1772 3107 diesi,
1795 3025 1848 3086 ia·

649 3150 756 3232 penui,
780 3151 838 3233 qui
858 3171 964 3212 rerum
979 3150 1131 3234 turpium,
1155 3147 1253 3212 veluti
1263 3147 1363 3232 furti,
1389 3147 1558 3227 maome,
1574 3149 1779 3268 waram
1793 3170 1847 3212 ar·

652 3285 730 3346 uem
754 3294 809 3346 aut
830 3283 981 3347 similium
1003 3303 1110 3345 sermm
1125 3283 1259 3346 convicti
1275 3284 1551 3368 euasteturque
1573 3283 1734 3366 ὄξωμοσΐᾳ
1754 3295 1847 3346 uton-

652 3418 720 3481 tam·
742 3428 798 3470 aee
821 3409 885 3471 siret
905 3407 993 3472 illios
1016 3409 1144 3491 oopaata'
1164 3428 1220 3469 nee
1237 3404 1432 3489 familiares,
1456 3428 1512 3470 nee
1527 3409 1745 3471 commercium
1766 3428 1847 3470 rner-

1508 3495 1625 3534 mamas

654 3542 808 3604 retortum
836 3561 906 3604 eum
935 3561 968 3604 eo
997 3539 1146 3619 babeant,
1176 3539 1231 3602 sed
1259 3539 1397 3604 borsines
1425 3541 1488 3604 sint
1509 3543 1647 3625 inpense.
1685 3539 1742 3604 bos
1769 3541 1849 3625 lepos

653 3666 824 3728 admittent
812 3676 881 3729 tot
903 3675 989 3728 testes
1013 3667 1078 3728 siet
1100 3665 1138 3727 de
1161 3665 1249 3727 omni
1269 3684 1415 3747 requam
1431 3666 1583 3746 neemiae,
1609 3666 1685 3730 dum
1707 3687 1848 3750 eorupre·

609 3837 643 3902 ⁴⁶)
668 3835 839 3892 Constantio.
857 3836 888 3892 L.
904 3837 918 3890 1
938 3835 968 3892 Ο.
981 3837 1033 3892 Tb.
1052 3837 1088 3892 de
1105 3837 1181 3892 ditat.
1201 3837 1247 3905 (2,
1260 3837 1292 3904 i)
1314 3835 1350 3890 ct.
1368 3835 1430 3892 Gai.
1448 3835 1524 3892 lib.9
1547 3837 1583 3893 sd
1600 3837 1644 3894 ed.
1662 3837 1695 3892 1..
1706 3837 1743 3892 42
1760 3837 1796 3892 D.
1813 3837 1850 3892 ds

520 3941 552 3997 R.
566 3943 587 3996 l.
606 3943 660 4012 (50,
675 3943 728 4008 ii).
756 3941 983 3998 Bethm.·Hollw.
996 3943 1038 3998 111
1053 3960 1082 4012 p.
1095 3943 1156 4000 194.

609 4049 643 4114 ⁴²)
665 4049 727 4102 L.1
746 4047 802 4102 (1.1
821 4048 856 4103 de
874 4047 949 4104 dilat.
967 4051 1003 4118 (3,
1017 4051 1072 4116 11).
1098 4049 1226 4119 Repetite
1243 4048 1403 4106 aGratiano
1421 4050 1510 4104 cunt
1527 4049 1648 4105 Oausatt
1664 4064 1711 4119 qu.
1719 4050 1747 4104 3.

609 4157 643 4222 ⁴⁵)
667 4153 733 4209 (lod.
748 4153 851 4210 Theod.
867 4155 922 4225 2,3
941 4154 975 4209 do
994 4156 1097 4210 omissa
1115 4155 1229 4210 actionis
1247 4155 1446 4224 impetratione.
1478 4156 1505 4211 4.
1525 4155 1560 4211 de
1578 4155 1784 4211 denuntiatione
1800 4155 1848 4210 rel.

521 4263 545 4315 5.
565 4260 600 4315 de
613 4259 755 4330 domin[i]o
766 4261 805 4314 rei
821 4261 905 4316 --vel
918 4259 1090 4316 consortibus
1103 4260 1138 4315 ab
1150 4276 1183 4317 eo
1196 4261 1240 4316 oui
1252 4260 1442 4316 denuntiatum
1455 4260 1546 4331 tuerit,
1565 4262 1744 4331 postulandis.
1770 4263 1796 4316 6.
1814 4261 1850 4315 de

521 4373 675 4436 temporum
696 4381 776 4422 cursu
795 4371 824 4420 et
841 4366 1060 4436 reparationibus
1077 4365 1322 4422 denuntiationum.
1351 4366 1634 4423 combustoribus.
1668 4367 1694 4421 8.
1713 4365 1849 4421 defertis.

521 4473 552 4527 iu
570 4472 713 4527 Iustiniani
737 4472 831 4528 codice
855 4477 930 4528 totus
952 4472 1189 4529 denuntiationum
1214 4473 1290 4528 locus
1314 4473 1434 4528 omissus
1456 4477 1501 4528 est
1522 4473 1637 4543 eiusque
1654 4472 1716 4528 vico
1732 4472 1762 4527 bi
1778 4472 1851 4526 tituli

521 4577 604 4648 positi
623 4582 699 4632 sunt:
719 4579 774 4646 3,6
793 4578 839 4646 qui
858 4578 1007 4647 legitimam
1025 4593 1172 4647 personam
1192 4577 1302 4648 [standi]
1321 4579 1349 4634 in
1366 4579 1474 4634 iudiciis
1492 4578 1668 4634 habeantrei
1684 4592 1748 4633 non.
1776 4578 1801 4632 7.
1818 4581 1852 4632 ut

522 4699 602 4739 nemo
620 4683 723 4738 inritus
742 4699 825 4753 agere
842 4683 886 4738 vel
905 4699 1035 4739 accusare
1054 4689 1175 4754 cogatur.
1209 4685 1235 4739 8.
1254 4684 1290 4738 de
1307 4685 1402 4740 ordine
1419 4685 1589 4740 iudiciorum.
1616 4685 1643 4739 9.
1661 4683 1697 4739 ds
1714 4683 1769 4738 litis
1787 4697 1851 4737 con-

521 4790 676 4845 testatione.
712 4791 753 4844 10.
780 4788 815 4844 de
836 4789 899 4859 plus
916 4789 1104 4860 petitionibus.
1135 4803 1205 4859 quos
1228 4791 1324 4846 titulos
1347 4791 1466 4846 maxime
1488 4791 1628 4860 rescriptis
1647 4805 1664 4845 e
1681 4788 1852 4858 Gregoriano

523 4896 639 4965 sumptis
657 4895 768 4950 effectos
787 4910 848 4968 asse
866 4895 1041 4950 manifestum
1061 4900 1111 4950 est.
