4142 5817
881 537 1039 590 Anourus
1057 536 1263 588 rumorosus
1281 536 1445 588 RUDORFF

630 719 776 835 ructarit,
805 739 859 781 sou
887 739 936 781 res
963 719 1096 802 pignori
1117 719 1193 782 data
1223 717 1350 799 definita
1380 729 1440 796 est,
1470 720 1536 780 aior
1565 718 1672 780 omnio
1702 718 1828 779 omuino

643 815 676 836 aaa
687 805 769 837 detti-»rte

632 873 712 936 quoe
734 853 802 915 ciro
825 863 897 915 suut
921 854 1056 937 pignori
1077 852 1153 915 data
1176 862 1263 930 suot,
1293 872 1350 914 uec
1373 837 1543 915 domiuum*
1563 861 1742 928 mutarunt,
1772 851 1830 912 eoi

631 976 875 1061 chirographum
899 977 963 1039 eiua
987 977 1118 1059 triptota
1141 995 1241 1040 aranos
1256 976 1426 1104 wpffiva'
1452 975 1602 1038 creditori
1622 974 1694 1037 luet
1709 975 1829 1058 pignus

632 1109 695 1173 cibi
711 1111 819 1174 domm
838 1131 898 1194 pro
915 1109 1017 1174 dedito
1037 1109 1278 1194 apprchendere.
1315 1107 1377 1174 otu
1394 1111 1515 1194 pignus
1532 1129 1717 1193 quocunque
1737 1107 1828 1170 modo

632 1236 793 1298 dominum
806 1236 949 1313 mutauit,
973 1255 1038 1297 nors
1058 1233 1128 1297 licet
1146 1233 1304 1312 creditori,
1329 1235 1418 1297 cuius
1434 1233 1679 1318 chirographum
1700 1234 1830 1316 tru'qiuta

632 1380 732 1422 anuos
760 1360 938 1444 superauit,
968 1361 1062 1454 etiarn
1085 1360 1205 1454 pipicus
1232 1359 1295 1421 sibi
1320 1359 1563 1442 oppigneratam
1585 1356 1828 1442 apprchendere,

633 1494 784 1578 quoniam
800 1493 838 1556 dc
854 1494 941 1556 omou'
955 1513 990 1555 re
1004 1446 1271 1576 ded‘dd‘pctendi
1292 1493 1447 1555 rationare
1468 1490 1568 1570 tabo,
1593 1493 1659 1554 urai
1679 1502 1750 1553 oute
1772 1491 1830 1554 tri-

630 1621 721 1702 ptota
744 1638 844 1680 acuon
867 1617 906 1680 dc
929 1637 965 1680 ea
987 1627 1136 1680 statutum
1160 1627 1218 1694 est,
1244 1627 1321 1700 post
1348 1617 1480 1700 tru'qima
1502 1636 1602 1679 aanor
1626 1617 1727 1678 omaus
1749 1614 1829 1678 aetio

632 1743 727 1804 irrito
744 1752 797 1818 ost,
821 1742 858 1803 c'd
873 1753 917 1804 est
933 1743 1033 1804 omnis
1057 1742 1163 1804 aditus
1185 1741 1230 1803 ad
1250 1721 1319 1802 edm
1334 1741 1373 1803 de
1388 1760 1574 1824 quacunque
1589 1760 1686 1802 causa
1703 1760 1758 1802 seu
1777 1737 1830 1802 ke·

633 1867 776 1929 ruditatis
798 1887 851 1928 seu
871 1867 952 1928 iuris
971 1865 1102 1950 petendi
1122 1887 1177 1928 ceu
1199 1864 1351 1928 bonorum
1371 1865 1598 1928 communicato
1620 1885 1675 1927 seu
1696 1862 1833 1944 aedificii

633 1990 764 2075 spoliati
784 2011 839 2052 acu
861 1989 978 2070 ficium
1000 2010 1151 2074 aprorum
1178 2011 1233 2052 seu
1255 1990 1295 2052 de
1316 1991 1452 2052 nummis
1475 2010 1540 2074 pro
1562 1989 1748 2073 irrigatione
1773 2009 1832 2072 per

634 2114 739 2178 tortor
763 2112 979 2177 distribuenda
1002 2135 1057 2177 ceu
1079 2134 1165 2198 aqua
1192 2115 1230 2176 de
1253 2115 1451 2198 aquaeductu
1475 2107 1617 2203 (ἀγωγῇ)
1642 2134 1704 2198 per
1725 2110 1832 2175 urhun

634 2238 881 2323 turcopolorum
897 2237 1004 2303 domos
1021 2237 1128 2322 effusa.
1166 2236 1207 2303 Si
1218 2238 1309 2323 forte
1330 2238 1385 2302 itte
1406 2257 1549 2300 summor
1571 2259 1644 2300 suaa
1666 2237 1751 2300 ultro
1773 2237 1831 2300 tri-

632 2365 723 2446 pc'uto
746 2383 846 2426 anuos
869 2361 1014 2482 neglegit,
1044 2363 1139 2426 diruta
1162 2375 1207 2426 cot
1230 2365 1331 2426 omaro
1354 2363 1435 2427 actio
1460 2355 1595 2446 (ἀγωγὴ)
1619 2361 1660 2424 ab
1683 2382 1718 2425 co
1740 2362 1831 2425 iacti-

862 2451 939 2489 experri

636 2497 761 2574 tuenda,
786 2517 842 2561 ooo
860 2496 1024 2582 postolare
1045 2507 1157 2581 potest,
1183 2497 1334 2580 quocum
1356 2498 1404 2560 c'ta
1427 2493 1507 2579 lepor
1525 2489 1752 2580 praecipiunt.

588 2627 794 2693 Notissimam
810 2627 976 2693 Theodosii
999 2627 1102 2710 legem
1126 2647 1208 2692 anno
1228 2627 1295 2691 424
1318 2627 1426 2693 datam
1448 2625 1498 2706 (L.
1514 2646 1567 2691 un.
1585 2624 1619 2692 G.
1637 2625 1694 2691 Th.
1711 2625 1750 2692 de
1771 2630 1831 2691 aot

501 2758 585 2818 certo
615 2757 757 2837 tempore
785 2750 930 2817 finiendis
961 2751 1012 2836 (4,
1038 2752 1098 2832 14)
1117 2777 1155 2806 =
1173 2750 1210 2816 L.
1229 2753 1249 2816 3
1269 2750 1303 2817 G.
1322 2751 1362 2817 de
1384 2770 1521 2837 praescr.
1538 2749 1630 2816 XXX
1649 2750 1681 2834 7,
1705 2749 1765 2830 39)
1794 2749 1833 2815 de

501 2875 718 2942 Theodosiano
742 2875 848 2942 codice
871 2874 1006 2962 proferri
1027 2870 1147 2941 indicat
1169 2875 1424 2941 commemoratio
1441 2894 1608 2940 cansarum
1623 2873 1719 2961 ‘quor
1732 2877 1834 2961 apcius

501 2999 705 3082 (Theodosio)
729 3001 836 3066 dicbus
850 2997 1015 3086 fuoroot',
1042 2999 1154 3083 quibus
1171 2999 1275 3065 verbis
1298 2997 1343 3083 ἑξ·
1360 3001 1383 3064 4
1401 2999 1469 3065 eto
1491 2997 1663 3081 significari
1677 2997 1833 3080 videntur,

502 3143 582 3208 quae
606 3123 720 3190 absunt
742 3145 762 3190 a
784 3123 890 3190 codice
905 3118 1124 3204 Iustiniani⁸³).
1160 3122 1375 3207 Quadraginta
1399 3143 1553 3188 annorum
1576 3121 1834 3208 praescriptionis

590 3361 624 3428 ⁸³)
650 3361 694 3426 §4
708 3358 861 3415 ‘Annorum
880 3365 971 3416 autem
990 3360 1125 3416 cnrmoula
1142 3360 1182 3414 ita
1198 3360 1336 3414 numerari
1354 3359 1507 3428 conveniet,
1526 3364 1557 3413 ut
1575 3363 1604 3413 et
1620 3357 1667 3414 illa
1684 3359 1712 3412 in
1724 3357 1835 3413 demen-

502 3467 607 3522 sionem
625 3471 750 3536 tempora
767 3446 946 3537 reducantur,
970 3481 1042 3536 quac
1060 3472 1124 3522 ante
1142 3469 1252 3521 nocuae
1271 3464 1489 3520 mansuetudinis
1507 3464 1676 3521 unctionem
1694 3463 1753 3534 iugi
1769 3463 1835 3518 taei-

503 3572 633 3628 turnitate
650 3571 796 3628 fluxerunt.
827 3577 842 3638 ξ
855 3573 880 3628 5.
900 3573 1002 3628 Verum
1021 3588 1056 3628 nc
1074 3587 1129 3642 qua
1141 3571 1229 3628 otioso
1243 3571 1322 3626 nimis
1335 3586 1368 3626 ac
1380 3571 1468 3627 dosidi
1479 3571 1649 3641 querimonia
1659 3571 1835 3640 relinquatur,

503 3679 537 3748 ei,
557 3679 603 3748 qui
621 3693 652 3733 se
669 3677 771 3733 fiducia
788 3679 979 3748 perpetuitatis
997 3679 1133 3734 actionem
1151 3693 1206 3733 non
1225 3677 1345 3733 movisse
1360 3681 1565 3746 commemorat,
1584 3676 1679 3732 domm
1692 3674 1837 3746 posthanc

503 3783 592 3852 legem
612 3799 744 3840 annorum
768 3785 858 3852 spatia
876 3784 1006 3839 continua
1024 3783 1211 3855 superioribus
1229 3783 1293 3838 addi
1312 3784 1507 3853 praecipimus,
1532 3787 1577 3851 ut,
1602 3783 1627 3838 si
1644 3781 1754 3852 quidam
1772 3784 1837 3836 ante

504 3890 672 3945 sanctionem
692 3889 743 3944 hac
760 3891 821 3959 lage
839 3888 997 3960 praefinitos
1016 3905 1103 3945 annos
1121 3890 1274 3945 decurrisse
1291 3889 1419 3959 patuerit,
1437 3893 1547 3959 praeter
1563 3904 1598 3945 aa
1614 3893 1747 3958 tempora,
1766 3902 1837 3957 quac

505 4001 663 4064 manarunt,
686 3995 781 4050 decom
806 3997 892 4052 actori
916 4012 1049 4051 annorum
1071 3997 1160 4074 spatia
1177 4000 1371 4066 prorogantur,
1394 3996 1434 4050 ita
1451 4001 1483 4051 ut
1499 3999 1610 4066 tempus
1627 3995 1666 4050 ilii
1683 3993 1735 4050 hoc
1752 3995 1838 4050 conti-

505 4119 589 4158 nuum
613 4117 648 4157 ex
671 4101 740 4170 logis
762 4105 885 4172 tompore
910 4108 1077 4158 numeretur.
1109 4100 1189 4167 Quod
1211 4101 1349 4156 sidetem
1373 4100 1412 4155 iili
1429 4101 1494 4156 anni
1511 4115 1657 4170 superesse
1674 4099 1839 4156 videbuntur

505 4212 553 4262 aut
572 4208 697 4278 amplius,
715 4208 828 4264 ulterius
847 4223 909 4263 eum
928 4208 994 4264 nihil
1012 4208 1169 4263 desiderare
1187 4207 1340 4277 conveniet,
1359 4206 1409 4263 sed
1426 4207 1536 4277 proprio
1553 4207 1634 4276 lapsu
1649 4205 1779 4276 temporis
1792 4204 1838 4259 de-

506 4317 631 4369 currente
650 4313 685 4368 ad
708 4315 821 4384 triginta
839 4329 925 4384 usque
944 4314 1206 4370 consummationem
1225 4312 1327 4368 debers
1344 4329 1395 4367 sno
1413 4312 1502 4383 spatio
1520 4327 1582 4368 csse
1600 4317 1773 4367 contentum:
1795 4311 1839 4365 ain

506 4434 591 4474 annos
616 4419 726 4489 quidem
750 4424 854 4475 restare
875 4436 929 4476 non
947 4419 1060 4476 dubium
1079 4423 1135 4488 est,
1161 4419 1210 4473 sad
1228 4417 1300 4475 inira
1318 4418 1413 4474 decem
1432 4434 1525 4474 corium
1544 4419 1687 4473 intervalla
1705 4415 1839 4484 concludi,

506 4523 680 4580 nihilominus
704 4526 787 4581 etiam
812 4526 852 4582 sio
875 4541 938 4581 eum
962 4525 1081 4595 spatium
1104 4529 1212 4580 tantum
1234 4523 1373 4594 oportebit
1395 4524 1533 4594 accipere,
1561 4527 1594 4578 ut
1616 4523 1711 4580 decem
1733 4523 1841 4591 integer

506 4645 635 4685 numerus
658 4632 841 4702 compleatur;
865 4637 930 4701 post
947 4646 1029 4701 quem
1052 4631 1104 4686 hac
1121 4630 1280 4686 definitione
1297 4631 1364 4686 nulli
1387 4630 1517 4686 movendi
1539 4629 1653 4685 ulterius
1677 4628 1839 4683 immtatcm

506 4741 603 4804 patere
621 4737 791 4808 censuimus,
815 4738 922 4794 etiamsi
940 4738 1059 4807 aulegia
1077 4737 1233 4807 ignorantia
1249 4751 1382 4793 excusare
1399 4736 1562 4794 tentaverit’
1590 4735 1667 4801 Quae
1683 4735 1788 4803 omnia,
1810 4737 1842 4788 ut

507 4842 588 4897 nimis
599 4841 754 4913 artificiosa,
772 4843 812 4898 ita
829 4843 865 4898 ad
883 4847 991 4913 tempus
1009 4849 1118 4899 tantum
1135 4843 1306 4913 praescripta
1323 4857 1385 4898 esse
1402 4859 1483 4898 nemo
1494 4857 1551 4898 non
1563 4840 1648 4898 videt.
1675 4839 1750 4896 unda
1761 4839 1841 4894 lusti·

507 4947 605 5004 nianus
623 4954 687 5019 post
705 4953 720 5014 ξ
733 4951 749 5004 3
768 4949 875 5004 nonnisi
893 4949 961 5004 haec
974 4949 1088 5004 adiecit:
1110 4951 1187 5005 ‘Post
1198 4949 1270 5005 hanc
1282 4965 1349 5005 vero
1361 4949 1493 5018 temporis
1505 4946 1692 5004 definitionem
1706 4945 1772 5001 nulli
1784 4959 1842 5000 mo
