4142 5817
344 1889 430 2011 Quo
454 1927 505 1994 ura
521 1925 585 2012 ro,
601 1925 671 1992 vm
694 1923 1091 2010 nsnssmumssmn,
1115 1931 1188 1992 anu
1209 1926 1317 1994 reum
1340 1927 1442 1994 nstra
1463 1929 1580 1995 uerus
1698 1995 1702 2002 ,

256 2072 316 2138 que
337 2053 416 2118 iuris
439 2051 575 2118 doctoris
598 2071 729 2118 munera
751 2050 945 2134 honoresque
968 2051 1127 2137 accepisti,
1150 2071 1223 2118 eum
1238 2052 1321 2118 diem
1345 2057 1382 2119 ut
1404 2053 1580 2138 quicunque

256 2182 287 2244 et
308 2177 458 2244 historiae
481 2181 513 2243 et
532 2175 617 2242 civili
633 2175 807 2262 sapientiae
823 2175 962 2260 cupiunt,
986 2175 1214 2242 faustissimum
1231 2176 1292 2243 sibi
1307 2176 1453 2262 salutent,
1476 2179 1510 2244 id
1526 2178 1580 2245 TU

256 2301 466 2386 singularibus
489 2300 618 2367 effecisti
641 2305 775 2386 utraque
790 2298 828 2366 de
845 2307 912 2366 arte
928 2300 1060 2366 meritis.
1096 2321 1230 2386 quorum
1252 2321 1308 2385 ego
1332 2304 1466 2389 repetito
1489 2323 1581 2390 prae·

256 2427 345 2494 conio
368 2446 408 2493 ne
431 2431 463 2492 et
485 2425 656 2512 patientiae
672 2431 704 2492 et
718 2424 889 2490 modestiae
906 2423 1016 2490 TUAE
1034 2425 1152 2492 multus
1168 2425 1254 2511 liam,
1275 2445 1373 2493 unum
1395 2427 1580 2496 beneficium

257 2552 397 2636 attigisse
421 2552 497 2626 satia
520 2550 656 2634 habebo,
679 2549 712 2615 id
737 2550 880 2634 inquam,
904 2550 986 2634 quod
1015 2550 1135 2616 ordinis
1157 2551 1343 2618 iudiciorum
1366 2553 1433 2620 sive
1454 2573 1580 2640 proees-

180 2753 184 2764 .
256 2696 309 2743 sus
332 2675 433 2742 civilis
456 2675 623 2762 disciplina
645 2673 726 2741 TUO
750 2673 881 2741 artificio
905 2679 938 2740 et
958 2675 1059 2741 labori
1083 2682 1244 2763 acceptum
1267 2677 1398 2744 rettulit

344 2801 430 2879 Quae
457 2821 531 2887 pars
554 2799 632 2866 iuris
662 2819 732 2866 cnm
763 2805 846 2867 esset
874 2771 967 2866 antea
994 2801 1106 2867 ceteris
1134 2801 1347 2886 neglegentius
1375 2822 1413 2868 ec
1440 2803 1580 2887 solivago

256 2928 422 3011 ieiunoque
445 2925 580 3010 quodam
609 2945 722 3008 genere
752 2925 792 2990 ad
820 2945 915 2991 unam
944 2925 1152 3011 eandemque,
1182 2946 1275 3011 quarn
1304 2929 1445 3014 ipsarum
1473 2949 1579 2995 rerum

257 3050 332 3118 ordo
348 3049 479 3118 suadere
494 3050 668 3133 videbatur,
688 3049 856 3116 formulam
871 3056 1023 3136 perpetuo
1039 3051 1184 3118 similiter
1198 3057 1399 3138 pertractata,
1414 3055 1478 3118 iam
1494 3053 1579 3121 TUA

257 3197 353 3264 opera
374 3195 436 3242 non
459 3175 559 3242 solum
584 3181 675 3242 aucta
698 3173 828 3241 mirilico
850 3179 882 3240 et
903 3174 1104 3262 locupletata,
1127 3176 1182 3242 sed
1203 3176 1334 3243 reclusis
1356 3177 1506 3245 historiae
1528 3199 1579 3246 ar·

256 3303 343 3370 canis
371 3306 494 3369 tantum
520 3320 585 3366 non
612 3320 651 3367 ex
677 3299 799 3384 integro
829 3305 989 3366 exstructa
1016 3306 1073 3368 est.
1119 3306 1323 3388 posteaquam
1353 3303 1437 3369 enirn
1464 3301 1577 3370 Gaium

257 3427 451 3512 eundemque
474 3425 598 3492 unicum
616 3426 730 3492 veteris
752 3425 799 3492 rei
821 3424 1003 3492 iudiciariae
1025 3426 1145 3493 fontem
1167 3428 1229 3493 arti
1250 3431 1378 3494 nostrae
1399 3447 1577 3514 aperueras,

257 3557 330 3620 ante
353 3552 459 3618 omnia
480 3552 548 3618 iure
570 3551 744 3636 meritoque
768 3550 962 3616 aridissimus
985 3571 1022 3617 ac
1044 3552 1182 3619 maxime
1204 3552 1343 3618 omniurn
1365 3553 1507 3620 sitientes
1528 3574 1578 3621 re-

256 3663 374 3761 giones,
399 3675 649 3743 extraordinaria
670 3675 739 3741 dico
761 3675 896 3742 labentis
920 3675 1045 3762 imperii
1067 3676 1193 3761 indicia,
1217 3676 1326 3743 eodem
1349 3677 1489 3745 exiente
1505 3679 1578 3746 irri-

255 3801 359 3886 ganda
387 3821 454 3868 esse
483 3800 675 3867 intellexisti.
714 3799 826 3867 deinde
848 3820 922 3867 vero
944 3807 1117 3868 retrorsum
1141 3800 1180 3867 ad
1202 3802 1366 3888 superiora
1386 3803 1579 3889 melioraque

256 3947 440 4010 conversus,
469 3946 546 4011 quas
569 3924 711 3992 Kellerus
742 3925 901 4011 praeclare
929 3926 1054 4010 quidem
1081 3926 1136 3992 sed
1159 3931 1266 3993 tamen
1289 3933 1344 3993 aut
1364 3928 1577 4013 particulatim

257 4058 311 4118 aut
344 4047 524 4118 summatim
559 4055 763 4134 necaverat,
797 4049 948 4116 formulas
982 4050 1051 4117 dico
1079 4057 1111 4117 et
1138 4051 1217 4135 legis
1246 4052 1398 4135 actiones,
1433 4051 1487 4117 TU
1514 4073 1576 4118 uno

256 4177 427 4262 eodemque
448 4175 663 4262 copiosissimo
687 4180 718 4242 et
738 4175 985 4241 luculentissimo
1009 4194 1103 4260 opere
1119 4175 1301 4261 plenissime
1319 4176 1478 4262 expositas
1492 4197 1577 4243 com·

255 4302 368 4389 plexus
390 4322 433 4368 es.
475 4306 568 4386 atque
590 4301 636 4366 itu
662 4299 827 4367 illustratis
856 4300 1029 4366 actionibus
1052 4305 1193 4366 ueterum
1215 4305 1344 4386 totaque
1365 4301 1577 4369 Romanorum

257 4427 444 4512 antiquitate
466 4425 619 4510 absolute,
641 4426 703 4491 iam
729 4425 768 4492 ad
786 4425 916 4492 alteram
933 4426 1079 4492 immensi
1095 4425 1211 4492 laboris
1226 4431 1360 4512 partem,
1384 4427 1422 4496 ad
1438 4425 1574 4493 medium

256 4571 366 4619 aevum
390 4557 422 4618 et
444 4549 671 4618 Germanorum
693 4551 778 4636 leges
801 4555 947 4637 prompto
971 4556 1004 4616 et
1025 4550 1122 4616 alacri
1143 4551 1247 4617 studio
1269 4549 1401 4634 gradum
1422 4551 1511 4618 facis.

344 4676 432 4755 Quod
455 4676 572 4743 TUUld
593 4677 752 4763 inceptum
776 4676 896 4762 quoties
919 4676 986 4743 sive
1008 4677 1189 4743 universum
1212 4676 1391 4760 considero,
1419 4676 1486 4743 sire
1512 4677 1576 4742 iam

255 4802 402 4889 perfectis
425 4802 529 4889 operis
551 4801 694 4888 partibus
716 4801 868 4886 oblector,
898 4800 1002 4868 nescio
1026 4807 1132 4868 utrum
1153 4803 1255 4886 magis
1281 4801 1433 4868 admirer:
1462 4821 1578 4888 propo·

235 4927 309 4994 'siti
331 4926 569 5013 amplitudinem
597 4947 764 5012 rerumque
787 4946 824 4993 ao
846 4925 1006 4994 doctrinae
1028 4927 1220 5010 ubertatem,
1248 4926 1401 5010 siquidem
1430 4926 1577 4993 animatis
