4142 5817
675 529 721 579 AD
742 531 865 582 CAPl'l'A
884 531 956 583 DUO
976 531 1161 614 canelaus.
1529 545 1578 616 89

253 707 336 774 riore
360 706 464 792 aliquo
487 708 566 774 iuris
589 714 715 776 auctore
736 709 977 796 reprehenditur
1000 716 1032 778 et
1054 711 1248 778 emendatur.
1285 711 1351 778 lam
1379 732 1451 780 cum
1473 714 1580 801 paullo

254 831 490 919 post‘Sersium
508 831 682 919 Sulpicium
698 834 730 899 in
746 835 946 920 reprehensis
962 835 1131 902 Scaevolae
1146 833 1313 922 capitibus’
1328 835 1448 904 Gellius
1462 837 1579 923 laudet,

254 976 331 1042 quas
345 961 437 1023 notas
458 958 555 1024 etiam
575 960 675 1024 nostri
690 964 834 1026 auctores
849 979 920 1026 cum
936 959 1011 1027 alibi
1027 966 1274 1027 commemorant
1291 961 1343 1042 (Ι).
1359 962 1579 1046 1113011)

253 1083 320 1146 tum
342 1081 376 1148 in
399 1081 459 1148 hoc
480 1083 549 1168 ipso
573 1082 611 1148 de
634 1103 718 1168 penu
740 1088 877 1150 tractatu
901 1083 989 1166 (11.1.
1007 1086 1027 1149 3
1051 1083 1107 1168 §6
1130 1084 1161 1150 h.
1177 1085 1225 1168 1.),
1248 1105 1352 1152 11111
1373 1090 1516 1171 apertum
1531 1092 1580 1153 est

253 1204 329 1271 haec
359 1225 482 1291 quoque
510 1206 584 1272 inde
613 1207 757 1274 averbis
781 1208 830 1273 ‘ut
850 1207 973 1274 Mucius
997 1205 1055 1275 ait’
1080 1227 1144 1275 non
1165 1207 1262 1275 Mucii
1285 1229 1368 1293 esse,
1399 1209 1455 1276 sed
1477 1208 1580 1277 Servii

253 1327 389 1394 Mucium
421 1329 621 1397 adnotantis?
661 1332 694 1397 id
724 1337 772 1397 est
800 1333 977 1414 orationem,
1001 1351 1065 1397 non
1092 1338 1157 1399 tem
1186 1340 1365 1420 corruptam
1393 1354 1579 1418 essequam

253 1451 340 1519 hiare
362 1454 487 1520 omissis
503 1454 595 1521 solito
610 1474 697 1521 more
713 1461 843 1542 propter
857 1456 1128 1523 homoeoteleuton
1144 1463 1217 1543 post
1231 1456 1339 1524 ‘causa
1353 1464 1499 1546 paratum
1515 1454 1577 1525 est’

253 1575 301 1642 his
325 1577 520 1643 similibusve
543 1579 661 1645 verbis:
680 1578 748 1644 ‘sed
771 1580 967 1666 improbasse
990 1582 1068 1647 haec
1086 1580 1153 1647 Ser.
1167 1580 1351 1669 Sulpicium,
1375 1584 1442 1667 qni:
1467 1588 1501 1649 at
1514 1603 1579 1650 non

248 1699 367 1784 ‘omne,
392 1700 510 1787 inquit,
534 1703 617 1786 quod
640 1722 711 1768 esus
734 1708 889 1788 potusque
911 1723 1007 1770 causa
1029 1709 1175 1790 paratum
1198 1702 1267 1772 est'.
1293 1742 1335 1752 —
1359 1705 1516 1791 Ceterum,
1543 1711 1580 1774 ut

252 1823 311 1888 hoc
334 1823 458 1908 addam,
482 1825 540 1890 hoo
564 1826 690 1911 quidem
713 1827 839 1893 nomine
862 1834 972 1914 postea
987 1827 1082 1894 Mucii
1105 1829 1294 1895 seutentiam
1309 1830 1492 1915 obtinuisse,
1514 1851 1578 1897 non

254 1945 365 2037 Servii,
389 1954 421 2014 et
443 1949 603 2016 silentium
627 1955 795 2016 auctorum
812 1951 851 2016 de
875 1951 1006 2017 articulo
1030 1971 1077 2036 eo,
1101 1973 1192 2036 quem
1216 1953 1415 2021 desiderabat
1439 1954 1577 2040 Servius,

253 2069 391 2137 declarat
407 2077 439 2138 et
453 2093 545 2158 quam
564 2094 661 2160 supra
675 2075 738 2140 iam
755 2074 917 2141 attulimus
929 2075 1021 2142 Pauli
1037 2076 1214 2145 observatio
1227 2077 1260 2157 (l.
1273 2079 1295 2142 4
1310 2077 1329 2160 ᾧ
1346 2083 1356 2142 1
1378 2079 1450 2144 ctl.
1464 2079 1577 2161 911.)

251 2197 468 2281 promptuario
491 2217 554 2263 non
575 2202 677 2264 totam
699 2219 815 2285 penum
838 2199 1070 2286 comprehendi

341 2318 520 2389 Constituto
548 2322 593 2388 ita
622 2323 763 2389 oratione
790 2323 823 2388 iu
851 2325 1033 2390 universum
1068 2323 1231 2390 videamus
1260 2324 1298 2391 de
1332 2325 1463 2410 singulis
1497 2346 1578 2410 quae

251 2447 371 2510 restant
393 2465 451 2510 nec
473 2466 530 2531 per
553 2467 586 2512 se
610 2445 759 2532 explicita
781 2453 855 2514 sunt
879 2452 910 2513 11
931 2447 1045 2514 1111111.
1085 2446 1147 2514 Ρ11
1175 2449 1358 2535 posculeuto
1381 2450 1448 2516 sive
1469 2456 1577 2536 postu·

250 2566 346 2651 lento,
370 2570 453 2653 quod
476 2570 593 2636 habent
614 2570 697 2653 libri,
721 2570 868 2637 Hertzius
891 2571 978 2638 dedit
992 2572 1194 2658 poculentum
1210 2573 1294 2638 haud
1309 2575 1374 2640 scio
1397 2594 1438 2640 an
1460 2594 1575 2642 errore.

250 2689 426 2758 Nemeum
450 2693 489 2759 de
511 2694 613 2761 forma
628 2691 832 2781 ‘potulentus'
857 2695 994 2761 dubitari
1022 2716 1086 2761 non
1114 2696 1215 2783 possit
1243 2716 1313 2762 cnm
1336 2695 1473 2784 propter
1487 2699 1577 2764 testi·

250 2817 356 2881 monia
377 2817 530 2883 librorum
554 2818 638 2883 adh.
655 2817 676 2883 l.
693 2818 823 2885 collecta
838 2819 877 2885 ab
892 2818 1022 2886 Hertzio
1038 2825 1105 2885 tum
1120 2824 1250 2906 propter
1265 2820 1453 2905 analogiam,
1477 2820 1577 2888 altera

244 2939 453 3026 ‘poculentus'
477 2962 541 3007 uon
569 2942 693 3008 videtur
721 2942 846 3008 delendi
874 2943 935 3008 nisi
963 2942 1114 3009 Macrobii
1142 2943 1232 3009 libris
1255 2944 1400 3028 7,15‚4
1424 2950 1456 3012 et
1477 2945 1575 3011 altero

248 3063 318 3129 loco
340 3065 533 3148 digestorum
555 3064 807 3133 Florentinorum
831 3065 864 3147 (l.
882 3068 902 3131 3
918 3065 937 3150 ξ
952 3067 974 3130 4
990 3067 1019 3131 h.
1037 3069 1186 3150 t.)„cum
1208 3067 1242 3132 in
1265 3068 1364 3134 altero
1388 3069 1432 3152 (1,
1451 3068 1575 3153 18,18)

248 3194 334 3254 recte
356 3189 398 3254 sit
419 3189 616 3274 potulentus3
640 3195 723 3256 certe
738 3189 902 3275 inscriptio
918 3188 1061 3275 Hispana
1077 3188 1167 3257 Grut.
1184 3193 1260 3274 643,
1277 3192 1298 3256 3
1314 3191 1450 3276 allegata
1465 3212 1484 3258 1
1497 3192 1575 3257 For·

164 3307 168 3314 ’
249 3311 373 3378 cellinio
389 3317 421 3379 et
436 3312 475 3378 ab
491 3313 560 3399 ipso
575 3313 704 3380 Hertzio
720 3319 849 3399 propter
863 3334 977 3380 nomen
993 3315 1099 3381 nescio
1115 3315 1198 3399 quod
1212 3315 1376 3382 Poculenti
1390 3317 1454 3382 iarn
1470 3336 1575 3383 eureu-

249 3436 324 3502 data
345 3435 391 3518 (0.
416 3437 438 3502 l.
460 3435 495 3502 L.
517 3437 560 3521 Il,
583 3438 683 3520 3749)
706 3435 742 3502 L.
759 3437 873 3503 lulium
903 3439 1052 3525 proponit
1074 3459 1138 3504 non
1159 3438 1381 3522 Poculentum,
1410 3441 1465 3506 sed
1487 3441 1574 3527 Apo·

247 3559 396 3648 lanatum.
431 3560 496 3627 Nec
518 3563 595 3628 satis
618 3562 674 3645 qui
689 3557 757 3627 deri
772 3562 911 3646 potuerit
927 3560 1135 3648 ‘poculentus’
1152 3563 1346 3647 intellegitur
1367 3563 1401 3628 in
1422 3561 1574 3630 vocabulo

249 3683 403 3750 declinato
433 3705 497 3751 non
520 3705 539 3750 a
561 3685 689 3770 poculo,
719 3684 775 3751 sed
798 3686 986 3773 epotando.
1025 3685 1143 3753 Contra
1171 3707 1209 3754 ea
1235 3687 1307 3772 ipsa
1333 3688 1435 3753 forma
1461 3707 1574 3775 poscu-

248 3808 366 3892 lentus,
396 3828 489 3892 quam
512 3808 660 3876 hocloco
682 3809 757 3876 libri
779 3815 920 3893 servant,
952 3814 983 3875 et
1005 3809 1089 3876 redit
1112 3811 1197 3896 apud
1219 3809 1354 3878 Gellium
1372 3813 1425 3892 17,
1445 3813 1496 3894 11,
1520 3811 1574 3877 ubi

247 3930 321 3997 libri
343 3933 469 3998 variant
489 3933 572 4000 inter
588 3929 794 4018 ‘posculenta'
820 3940 852 3999 et
868 3931 1067 4019 ‘potulenta’,
1097 3938 1129 4000 et
1156 3934 1272 4018 legitur
1298 3936 1331 4000 in
1353 3935 1467 4020 glossis
1490 3935 1574 4002 Ono·

248 4056 372 4122 mastici
395 4057 437 4142 (p.
457 4058 518 4121 141
540 4054 654 4123 Lahb:
673 4055 903 4143 ‘posculentum
926 4055 1101 4142 nderpov’),
1130 4063 1163 4125 11
1189 4058 1285 4126 habet
1312 4080 1373 4144 quo
1396 4064 1572 4142 excusetur,

247 4200 360 4266 nempe
384 4181 601 4247 attractionem
625 4181 782 4266 quandam
805 4181 871 4247 sive
895 4172 1150 4250 allitterationem
1173 4183 1259 4249 dicas
1281 4182 1425 4249 vocabuli
1448 4183 1574 4266 gemelli

155 4363 158 4368 .
248 4304 330 4388 quod
358 4309 407 4370 111
434 4304 627 4386 1111111111,
657 4324 736 4388 quae
764 4324 801 4371 eo
831 4308 990 4390 potentior
1018 4325 1088 4372 esse
1114 4306 1238 4390 debuit,
1268 4306 1351 4391 quod
1380 4327 1470 4374 escae
1495 4307 1572 4373 item

246 4429 415 4513 respondet
444 4409 763 4513 posca'vooabulum,
792 4429 820 4493 si
850 4430 976 4514 quidem
1005 4449 1071 4496 non
1095 4429 1249 4497 falluntur
1278 4431 1331 4514 qui
1358 4431 1392 4496 id
1418 4431 1510 4497 initio
1533 4431 1573 4498 de

247 4553 333 4616 omui
353 4553 482 4637 potione
511 4557 696 4639 usurpatum
725 4571 794 4618 esse
822 4554 1023 4619 contendunt.
1065 4552 1167 4632 Quare
1189 4555 1323 4620 fortasse
1345 4575 1396 4620 res
1420 4574 1457 4620 eo
1480 4555 1571 4638 redit,

246 4681 282 4739 ut
300 4676 420 4741 formae
435 4676 515 4742 duae
530 4676 711 4762 potulentus
727 4681 759 4742 et
773 4675 974 4760 posculentus
993 4679 1027 4742 in
1043 4698 1102 4744 usu
1125 4678 1252 4761 fuerint,
1276 4678 1372 4744 tertia
1387 4697 1460 4745 vero
1477 4698 1572 4764 pocu-

245 4796 322 4865 lenti
346 4799 497 4882 originem
522 4800 615 4866 duoat
637 4820 676 4866 ex
704 4800 827 4866 incuria
847 4799 1059 4868 librariorum.
1099 4801 1161 4868 Sed
1183 4801 1222 4868 de
1245 4801 1294 4866 his
1317 4801 1446 4868 uideant
1467 4822 1572 4886 gram·

246 4923 362 4989 matici.
387 4959 426 4968 —
458 4922 544 5000 Quae
573 4928 746 5009 sequuntur
774 4925 913 5008 graviter
942 4932 1105 5011 corrupta,
1134 4926 1295 4993 emendari
1322 4931 1482 5012 nequeunt
1508 4925 1572 4992 nisi
1704 4991 1708 5000 ,
