4142 5817
402 516 450 568 AD
470 515 589 567 LEGUM
608 513 852 568 saccudiorum
872 513 1102 572 contenderim
1120 513 1244 566 carme
1261 513 1461 566 rumellum.
1522 521 1593 593 107

359 696 427 774 Quo
449 696 532 763 lacto
555 713 626 760 cum
650 693 790 781 episcopi
813 693 1024 760 saecularibus
1040 693 1174 777 negotiis
1192 692 1270 760 adeo
1286 693 1547 780 opprimerentur,
1561 699 1598 760 ut

272 821 422 909 primario
445 819 607 905 religionis
637 824 668 887 et
696 817 864 886 sacerdotii
893 816 995 885 officio
1022 803 1186 904 superesse
1214 838 1277 885 non
1303 825 1447 905 possent,
1475 817 1597 902 legibus

272 947 402 1014 Arcadii
424 951 455 1013 et
477 944 609 1012 Honorii
631 944 793 1031 provisum
816 950 879 1027 est,
908 947 944 1010 ut
972 947 1098 1029 praeter
1120 942 1305 1028 religionem
1327 948 1501 1010 ceterarum
1524 963 1597 1010 cau·

272 1091 379 1140 sarum
403 1071 557 1158 episcopis
581 1069 717 1153 cognitio
741 1068 942 1136 adimeretur.
978 1067 1123 1152 idemque
1145 1067 1196 1134 ius
1218 1069 1322 1136 medio
1344 1067 1467 1136 saeculo
1488 1071 1597 1154 quinto

272 1196 486 1264 Valentiniani
508 1195 595 1262 tertii
617 1194 688 1278 lege
710 1193 928 1262 confirmatum
952 1199 1008 1260 est
1044 1191 1122 1259 illud
1145 1199 1252 1260 tamen
1269 1195 1303 1259 in
1317 1193 1461 1260 omnibus
1476 1193 1598 1278 legibue

273 1321 438 1408 excipitur,
462 1326 498 1386 ut
519 1339 558 1388 ex
581 1320 744 1404 utriusque
766 1318 934 1402 litigatoris
956 1337 1121 1402 consensu,
1144 1318 1351 1404 praecedente
1365 1317 1489 1385 vinculo
1512 1337 1597 1385 oom-

273 1445 421 1532 promissi
443 1445 519 1526 (not.
537 1444 570 1526 8)
595 1463 631 1510 ac
653 1463 742 1510 more
763 1417 953 1510 arbitrorum
977 1443 1062 1529 apud
1084 1461 1193 1510 sacrae
1209 1442 1288 1527 legis
1304 1444 1460 1511 antistites
1473 1442 1599 1528 litigare

272 1565 405 1652 liceat).
869 1558 872 1566 ’

361 1693 428 1760 Ιιιι
451 1713 525 1760 vero
548 1697 638 1760 sexto
661 1691 784 1759 saeculo
806 1690 912 1776 legum
935 1691 1103 1758 Iustiniani
1124 1691 1284 1761 codicibus
1306 1697 1338 1760 et
1359 1691 1471 1759 Iuliani
1492 1691 1599 1760 novel-

273 1818 378 1886 larum
402 1819 542 1906 epitoma
563 1819 596 1883 in
619 1815 742 1884 ltaliam
765 1816 882 1901 missis,
905 1815 982 1900 legis
1000 1817 1062 1884 Dei
1084 1837 1165 1903 quae
1187 1822 1316 1884 vocatur
1337 1837 1413 1885 usus
1434 1816 1600 1905 paullatim

274 1943 414 2011 deminui
437 1949 468 2010 ot
482 1942 647 2009 Iustiniani
669 1941 790 2024 legibus
813 1941 924 2009 cedere
946 1941 1059 2029 coepit
1094 1943 1274 2009 testimonio
1297 1948 1372 2010 eunt
1392 1942 1444 2010 lex
1458 1941 1600 2008 Romana

274 2068 422 2136 canonice
437 2073 562 2153 compta
583 2071 615 2134 et
630 2071 779 2152 excerpta
791 2065 976 2150 Bobieneia,
1000 2086 1078 2150 quos
1102 2066 1201 2134 libros
1216 2067 1340 2134 saeculo
1354 2087 1437 2135 nouo
1459 2067 1493 2134 in
1509 2067 1600 2134 ltalia

274 2213 314 2262 ex
328 2193 425 2260 meris
447 2191 707 2275 institutionibus,
730 2191 987 2258 constitutionum
1010 2191 1119 2258 codice
1141 2197 1173 2258 et
1194 2192 1326 2260 novellis
1340 2192 1506 2260 Iustiniani
1526 2211 1599 2259 con-

274 2319 373 2386 lectos
395 2337 464 2384 esse
487 2311 651 2397 constat⁸).
691 2315 921 2384 observandum
943 2321 1052 2383 tumen
1074 2321 1123 2382 est
1144 2317 1254 2384 eodem
1275 2321 1417 2403 tempore
1437 2319 1472 2383 in
1493 2317 1600 2384 codice

274 2442 446 2510 Pithoeano
468 2441 536 2510 sive
550 2441 696 2526 Rosnico,
719 2461 802 2508 nnnc
815 2440 1023 2526 Berolinenei,
1046 2441 1148 2526 legem
1161 2440 1223 2508 Dei
1244 2461 1316 2508 cum
1337 2440 1469 2509 novellie
1487 2441 1601 2509 Iuliani

275 2570 482 2652 coniunctam,
505 2568 581 2635 item
604 2566 743 2655 capitula
757 2565 896 2633 Remedii
913 2564 1074 2633 (lariensis
1094 2566 1234 2653 episcopi
1252 2586 1290 2632 ex
1306 2566 1379 2653 ipsa
1391 2565 1600 2634 Mosaioarum

275 2699 309 2761 et
329 2693 542 2760 Romanarum
563 2691 668 2776 legum
691 2691 857 2758 collatione
880 2695 1007 2778 sumpta
1028 2681 1138 2772 eess⁹t

363 2817 407 2884 Et
432 2817 479 2884 ita
507 2817 632 2903 quidem
661 2817 695 2882 in
717 2816 888 2902 provinciis
911 2817 1037 2903 imperii
1062 2813 1263 2882 occidentalis
1285 2816 1503 2903 epiecopomm
1525 2815 1601 2884 defi·

275 2943 389 3010 nitioui
411 2943 587 3009 consultum
609 2941 679 3008 luit

364 3068 400 3133 In
421 3067 566 3134 orientali
582 3086 655 3134 vero
679 3067 820 3151 ecclesia,
844 3085 925 3151 queo
946 3065 1040 3149 longe
1062 3065 1165 3149 magle
1187 3085 1282 3152 qoem
1297 3065 1440 3133 Romam
1461 3086 1501 3133 ex
1517 3066 1600 3133 arbi·

275 3195 337 3262 trio
359 3193 538 3280 principum
553 3192 721 3280 pendebat,
745 3192 804 3259 sub
819 3189 913 3258 linem
930 3189 1048 3256 saeculi
1063 3189 1164 3275 quinti
1179 3189 1263 3274 leges
1278 3191 1464 3276 saeculares,
1488 3192 1600 3279 quibus

275 3319 316 3386 de
344 3319 482 3404 agimus,
510 3317 659 3385 collectae
688 3325 720 3386 et
741 3316 991 3385 Christianorum
1015 3315 1241 3401 imporatorum
1265 3315 1477 3400 Constantini,
1501 3316 1601 3383 Theo·

277 3444 358 3511 dosii
380 3448 412 3510 et
432 3441 548 3509 Leonis
570 3443 751 3546 nominibus
771 3442 940 3525 insignitae
963 3445 1053 3525 sunt,
1081 3440 1224 3526 quamvis
1250 3441 1389 3528 plurima
1409 3440 1600 3525 contineant,

277 3587 357 3654 quae
379 3588 442 3634 non
465 3589 505 3634 ex
527 3567 800 3635 constitutionibus
819 3565 1070 3633 Christianorum
1091 3565 1330 3652 imperatorum,
1353 3566 1409 3634 ssd
1430 3587 1471 3634 ex
1487 3567 1602 3635 veteri·

277 3694 336 3761 bus
358 3693 551 3780 corporibus,
575 3693 711 3760 maxime
727 3691 930 3776 Gregoriano,
954 3691 1142 3775 quinetiam
1165 3711 1205 3758 ex
1225 3691 1303 3758 iuris
1326 3697 1487 3760 anctorum
1501 3693 1601 3761 'libris

278 3823 419 3886 extracta
441 3839 509 3884 esse
529 3818 703 3885 videantur.
744 3817 827 3884 unde
850 3817 1029 3884 coniectura
1051 3815 1122 3903 capi
1144 3821 1249 3903 potest
1269 3815 1412 3884 libellum
1433 3817 1500 3886 sive
1520 3817 1603 3886 Gon·

278 3942 484 4029 stantinopoli
505 3943 572 4010 sive
594 3942 703 4028 Beryti
726 3942 793 4010 sive
815 3941 927 4009 saltem
952 3941 986 4007 in
1010 3940 1116 4025 aliqua
1137 3941 1215 4008 urbe
1237 3941 1414 4009 confectum
1436 3961 1519 4028 esse,
1547 3943 1601 4010 ubi

277 4069 356 4136 iuris
371 4068 446 4137 libri
460 4067 541 4134 adiri
563 4067 648 4136 nullo
671 4067 779 4134 labore
799 4067 968 4153 potuerint
1003 4071 1088 4134 certe
1102 4085 1214 4150 graece
1228 4068 1381 4155 scriptum
1396 4068 1486 4135 initio
1503 4067 1602 4135 fuisse

279 4198 462 4278 argumento
485 4199 560 4260 sunt
582 4213 695 4278 graeca
715 4192 866 4260 vocabula
886 4191 921 4258 in
938 4190 1090 4279 Syrorum
1104 4191 1245 4258 Arabum
1260 4190 1483 4260 Armeniorum
1504 4192 1602 4260 inter-

279 4319 509 4407 pretationibus
533 4325 658 4386 retenta
680 4322 712 4384 et
734 4319 887 4405 exposita,
917 4335 975 4384 nec
996 4317 1101 4384 minus
1126 4317 1295 4384 latinorum
1318 4317 1497 4403 uerborum,
1518 4317 1605 4384 velut

367 4531 389 4598 7)
417 4529 474 4585 L.l
493 4529 523 4586 G.
536 4529 557 4584 Ι.
576 4529 611 4584 de
630 4544 672 4600 ep.
689 4527 752 4584 aud
772 4530 808 4599 (1,
821 4529 849 4596 4)
868 4543 892 4584 a.
901 4528 963 4583 398.
982 4528 1039 4584 L.l
1059 4526 1090 4583 O.
1103 4525 1155 4582 Tb.
1173 4527 1209 4583 de
1225 4527 1356 4598 religione
1372 4529 1427 4600 (16,
1440 4529 1485 4596 ll)
1503 4543 1528 4582 a
1541 4529 1602 4584 399.

279 4637 348 4694 Nou.
360 4637 422 4694 Vel.
435 4635 532 4692 111.34
549 4651 589 4712 pr.
608 4635 707 4690 acea.
1108 4649 1112 4659 ·
1729 4615 1732 4619 ’

367 4746 389 4810 ⁸)
413 4741 663 4812 Sitnungsberiobto
681 4740 731 4797 der
747 4741 855 4798 kaiserl.
868 4739 1021 4798 Aleadsmie
1039 4739 1088 4796 der
1100 4739 1335 4797 wissenschaften
1353 4757 1388 4798 uu
1399 4741 1488 4812 wien,
1505 4739 1602 4812 philos.

279 4849 342 4906 bist.
356 4849 458 4906 Classe
482 4847 650 4904 Bd.xxxv
667 4849 758 4916 (1860)
776 4863 840 4919 pag.
851 4847 894 4903 73.
921 4847 972 4904 Bd.
982 4847 1073 4904 XLVI
1090 4847 1182 4916 (1864)
1199 4846 1286 4917 April.

368 4957 390 5024 9)
413 4957 471 5011 Lex
483 4955 572 5025 Vieig.
590 4953 634 5011 ed.
647 4955 750 5011 Haenel
767 4972 795 5026 p.
804 4955 866 5011 455.
