4142 5817
392 554 440 605 ab
459 553 579 606 LEGUM
598 554 843 608 santumnium
863 557 1094 608 consultum
1113 558 1237 610 camna
1254 558 1454 610 remoratur.
1516 569 1588 639 125

259 731 410 798 iudicium
426 752 496 800 cum
513 733 734 820 sponsionibus
750 738 782 799 et
796 733 1089 820 restipulationibus
1105 729 1264 820 deiecerit,
1279 735 1501 804 infititiationis
1516 758 1590 805 vero

260 877 362 943 poena
384 877 513 943 prorsus
535 857 704 924 immutata
719 857 769 923 sit.
806 877 995 942 quamquam
1013 860 1097 925 enim
1115 859 1291 927 odumniae
1307 861 1388 927 actio
1404 867 1436 928 et
1450 862 1590 929 decimae

259 981 469 1073 restipulatio,
493 987 529 1048 ut
546 1002 585 1049 ex
601 981 829 1049 consultatione
845 983 960 1050 veteris
983 978 1231 1063 iureconsulti⁸⁰l
1253 985 1457 1070 intellegitur,
1480 987 1590 1071 quinto

260 1105 384 1172 saeculo
407 1106 440 1172 in
463 1107 606 1192 partibus
630 1105 874 1174 occidentalibus
897 1108 1037 1174 nondum
1055 1129 1183 1193 prorsus
1204 1111 1378 1195 consopita,
1403 1111 1477 1194 quin
1494 1111 1589 1178 etiam

259 1230 292 1297 in
315 1230 486 1316 provinciis
502 1230 705 1298 orientalibus
721 1230 856 1298 Zenonis
872 1232 1096 1299 constitutione
1110 1233 1143 1298 in
1160 1233 1319 1318 quoddam
1335 1233 1589 1321 supplementum

260 1374 468 1441 expensarum
486 1356 711 1422 transformata
726 1351 843 1441 erat⁸¹)‚
855 1361 962 1422 tamen
974 1355 1165 1423 Iustinianus
1178 1356 1355 1424 calumniae
1366 1357 1506 1426 decimae
1517 1380 1590 1446 pcr-

258 1479 301 1545 tis
317 1479 434 1546 indicio
450 1499 639 1565 quemquam
655 1480 898 1548 condemnatum
913 1481 1029 1548 vidisse
1050 1502 1085 1548 se
1099 1477 1236 1565 negat⁸¹l
1254 1502 1355 1565 neque
1372 1502 1412 1548 ex
1426 1488 1493 1549 toto
1508 1482 1588 1564 loco,

260 1623 321 1689 qno
336 1600 434 1670 Gaius
456 1595 573 1672 temere
587 1604 779 1689 litigantium
794 1625 913 1691 poenas
929 1610 1129 1691 exposuerat,
1145 1605 1316 1691 quidquam
1332 1607 1448 1673 sivein
1462 1607 1589 1674 institu-

259 1729 360 1796 tiones
389 1729 552 1796 transtulit
580 1730 647 1796 sive
672 1729 794 1814 legibus
822 1729 855 1795 in
884 1730 1142 1798 constitutionum
1171 1730 1278 1798 codiee
1305 1731 1417 1817 positis
1451 1730 1590 1798 excoluit

259 1858 497 1940 praeterendum
517 1853 596 1920 illud
618 1853 793 1921 calumniae
807 1854 1025 1921 iusiurandum
1032 1849 1081 1938 88),
1099 1854 1182 1939 quod
1198 1855 1427 1940 quodammodo
1442 1856 1590 1922 vetustis·

260 1977 358 2044 simae
369 1979 592 2046 contestandae
606 1977 672 2045 litis
684 1976 888 2063 sollennitati‚
900 1977 1002 2063 qualis
1017 1979 1121 2065 prisco
1133 1980 1202 2044 iure
1212 1978 1317 2046 faciali
1327 1984 1456 2066 recepta
1467 1975 1588 2064 erat⁸⁴)‚

259 2102 460 2170 substituisse
473 2123 544 2169 eum
556 2103 727 2189 putaveris.
753 2123 943 2188 quamquam
955 2101 1147 2169 Iustinianus
1158 2102 1299 2170 ‘suarum
1313 2104 1418 2188 legum
1433 2109 1466 2170 et
1481 2110 1589 2171 auctor

260 2227 342 2294 idem
367 2233 399 2294 et
421 2223 570 2311 eversor’,
594 2249 688 2312 qnam
712 2228 745 2293 in
767 2228 1017 2295 institutionibus
1034 2228 1263 2313 antiquaverat,
1287 2227 1419 2294 eandem
1434 2227 1590 2296 decimam

259 2351 363 2418 litium
386 2371 456 2418 cum
481 2351 618 2418 remedio
641 2353 895 2438 repromissionis
918 2351 1043 2419 novella
1063 2352 1133 2435 lege
1159 2352 1192 2417 in
1215 2373 1306 2418 usum
1330 2349 1543 2434 revocavit⁸⁸).

349 2475 429 2555 Quid
454 2477 536 2563 quod
566 2477 706 2544 decimae
730 2475 835 2543 litium
865 2476 960 2543 etiam
990 2497 1049 2563 per
1076 2476 1215 2544 medinm
1245 2497 1357 2544 aevum
1386 2497 1405 2541 a
1432 2477 1589 2544 iudicibus

260 2599 472 2667 saecularibus
500 2605 626 2688 praeter
650 2621 804 2688 expensas
840 2601 1069 2685 exigebantur?
1102 2621 1177 2667 nam
1206 2601 1241 2666 in
1268 2621 1366 2684 regno
1394 2599 1588 2668 Francorum

259 2725 356 2791 misso
379 2725 463 2810 regis
480 2723 616 2792 ‘decima
638 2725 722 2792 illius
745 2725 811 2793 litis
834 2720 1041 2812 sumptus‘⁸⁸)
1064 2726 1131 2793 siue
1148 2725 1318 2792 ‘decimum
1340 2726 1533 2812 mancipium
1557 2731 1590 2793 et

260 2849 381 2916 decima
403 2849 494 2934 virga
516 2848 714 2918 hereditatis’
746 2845 969 2931 debebatur⁸⁷).
1007 2850 1087 2916 Item
1114 2849 1276 2916 Bononiae
1303 2850 1425 2916 decima
1453 2870 1528 2936 pars
1558 2855 1591 2917 et

260 2974 375 3041 alicubi
402 2975 556 3059 vigesima
584 2971 816 3058 solvebatur⁸⁸).
858 2974 1002 3059 Denique
1029 2973 1156 3057 Pillins‚
1187 2973 1383 3058 Tancredus,
1413 2972 1588 3040 Guilelmus

260 3097 422 3184 Durantis,
438 3099 570 3166 loannes
585 3100 744 3185 Andreae,
765 3098 912 3166 Bartolus
927 3099 1062 3185 pignora
1076 3103 1109 3164 et
1122 3097 1321 3165 fideiussores
1342 3104 1590 3166 commemorant

266 3228 399 3310 propter
421 3244 577 3311 expensas
605 3263 645 3271 —
678 3231 709 3292 et
737 3230 867 3312 propter
895 3223 1033 3290 decimas
1063 3222 1134 3289 litis.
1157 3242 1236 3307 quos
1264 3221 1383 3289 iudices
1411 3221 1589 3290 saeculares

348 3381 801 3452 emmmuammm
1064 3339 1070 3348 ’

348 3488 381 3554 ⁸¹)
405 3485 1084 3562 1150.(101100101111100101000010(7,51).

347 3591 994 3663 81811(10))0οιιιι1οι1101011113.(4,16)
1019 3592 1104 3647 Aram
1123 3592 1270 3646 maximam
1287 3594 1352 3660 post
1368 3589 1523 3659 Eugenium
1541 3524 1589 3645 de·

258 3696 361 3752 victum
381 3699 418 3768 (p.
432 3697 462 3754 0.
475 3699 539 3763 394)
559 3699 715 3754 derelictam
734 3713 796 3754 esse
813 3698 961 3754 verisimile
979 3702 1029 3768 est,
1052 3698 1116 3754 licet
1134 3703 1163 3753 ot
1180 3696 1305 3752 aedicula
1322 3701 1352 3751 at
1368 3700 1462 3752 statua
1480 3710 1589 3752 conser-

257 3808 340 3863 uuae
358 3805 421 3860 sint.
449 3802 484 3860 cs.
502 3806 672 3873 praeclarum
692 3805 727 3861 de
745 3821 793 3860 ara
810 3805 930 3859 maxima
942 3803 1165 3860 commentarium
1184 3802 1219 3858 G.
1232 3803 1264 3858 B.
1277 3802 1313 3857 de
1324 3802 1406 3858 Rosci
1422 3802 1500 3857 l’Ara
1516 3817 1589 3856 mas·

258 3909 328 3964 sima
346 3924 362 3964 0
379 3910 399 3965 il
415 3910 531 3980 Templo
548 3911 673 3966 d’ilrcole
691 3912 735 3965 uel
751 3911 824 3966 Foro
842 3910 945 3966 boario.
971 3910 1073 3965 Annali
1088 3909 1150 3964 dell
1162 3910 1226 3964 inat.
1238 3909 1333 3966 XXVI
1350 3909 1443 3975 (1854)
1461 3924 1489 3978 p.
1499 3908 1534 3962 28
1546 3923 1589 3977 sq.

347 4017 381 4084 88)
404 4016 471 4073 (iod.
484 4019 510 4086 2,
523 4019 558 4072 59
576 4017 611 4072 (10
629 4016 803 4073 iureiurando
820 4023 932 4087 propter
943 4016 1117 4072 calumniam.
1140 4016 1220 4071 1..14
1239 4015 1329 4080 etc.
1347 4013 1383 4070 de
1395 4013 1502 4069 iudiciis
1514 4014 1590 4084 (3,1)

259 4121 328 4178 Nov.
340 4123 376 4178 49
395 4138 419 4177 c.
432 4123 458 4178 3.
482 4121 791 4192 Batbmann·Hollwcg,
810 4121 870 4178 (liv.
883 4123 927 4179 Pr.
940 4122 980 4178 111
997 4139 1026 4192 p.
1040 4123 1093 4178 233
1111 4125 1168 4177 not.
1180 4123 1224 4176 27.

347 4229 561 4300 amum
866 4217 871 4226 '

348 4335 383 4402 s⁵)
404 4334 474 4390 Nov.
488 4337 540 4390 112
558 4351 581 4390 0.
595 4337 613 4390 2
630 4350 671 4405 pr.

347 4441 382 4507 81)
404 4439 526 4496 Marcuffi
549 4441 675 4497 monachi
698 4439 875 4498 formularum
898 4440 942 4496 l.I
960 4438 1097 4496 112001.
1114 4439 1189 4496 Hier.
1204 4439 1314 4508 Bignon
1335 4437 1413 4492 Paris
1426 4435 1495 4492 1565
1512 4450 1540 4506 p.
1553 4437 1589 4492 29

254 4545 302 4602 ‘de
319 4545 454 4602 divisione
471 4546 518 4602 ubi
536 4547 620 4617 Regis
638 4548 786 4603 accesserit
804 4543 919 4603 missus?
946 4544 981 4601 cr'.
994 4545 1156 4617 Hieronymi
1173 4543 1301 4616 Bignonii
1318 4547 1401 4600 notae
1418 4557 1445 4612 p.
1456 4543 1517 4598 280.
1526 4543 1588 4598 281.

347 4654 382 4720 87)
406 4652 572 4708 Constitutio
590 4653 681 4710 Caroli
698 4653 791 4723 magni
809 4667 869 4722 cap.
879 4653 904 4708 1.

347 4759 382 4824 ⁸⁸)
404 4758 536 4814 Durantis
548 4774 622 4829 spec.
633 4758 703 4814 lib.l
721 4763 791 4829 part.
804 4759 822 4814 4
839 4758 880 4814 tit.
894 4757 928 4813 de
941 4758 1047 4814 salariis
1065 4763 1081 4824 ξ
1094 4760 1109 4813 1
1128 4773 1203 4812 num.
1216 4757 1233 4811 9
1250 4755 1294 4811 ed.
1308 4755 1472 4810 800111514
1488 4770 1517 4825 p.
1526 4753 1588 4824 345,

258 4863 306 4919 nbi
324 4869 416 4920 mmen
434 4865 551 4921 Ioannes
569 4864 697 4922 Andreae
715 4864 843 4921 adnotat:
868 4863 960 4920 ‘bodie
978 4863 1101 4932 sublata,
1124 4878 1176 4919 nec
1192 4861 1258 4918 olim
1276 4859 1438 4932 exigebatur
1454 4861 1508 4918 nisi
1525 4875 1589 4916 oum

258 4967 374 5026 forensis
392 4967 508 5041 agebat?
