4142 5817
490 541 538 612 90
947 529 1157 584 THEODORUS
1175 527 1358 590 MOMMSEN,

489 711 627 777 adhibito
662 709 823 776 simillimo
851 707 979 794 Ulpiani
1012 709 1116 794 capite
1145 709 1185 773 iis
1214 727 1295 792 quae
1323 727 1362 772 ex
1392 705 1544 772 Scaevola
1571 705 1679 773 attulit
1706 707 1815 772 statim

489 834 664 918 subiuncto,
689 834 772 918 quod
795 834 841 899 sie
863 837 927 898 est:
947 832 1040 917 ‘quae
1054 832 1177 916 harum,
1199 832 1313 916 inquit,
1336 831 1436 917 patris
1451 829 1590 897 familiae
1604 831 1722 920 uxoris·
1736 827 1816 896 libe·

417 937 423 962 ’
483 957 643 1025 ‘rerumve
665 957 732 1024 eius
756 955 805 1023 vel
828 957 977 1040 familiae,
1002 975 1081 1041 quae
1104 957 1188 1023 circa
1211 975 1264 1021 eos
1287 975 1357 1020 esse
1379 953 1469 1038 solet,
1493 956 1570 1020 item
1593 954 1816 1037 iumentorum,

484 1083 577 1166 ‘quae
607 1081 756 1148 dominici
783 1101 859 1146 usus
886 1099 982 1146 causa
1010 1083 1123 1166 parata
1151 1076 1246 1157 sunt’.
1289 1079 1376 1145 Haec
1397 1099 1460 1145 non
1485 1077 1654 1146 Scaevolae
1676 1097 1746 1144 esse
1767 1078 1817 1143 in·

489 1205 648 1289 tellegitur
669 1205 752 1288 inde,
777 1204 859 1290 quod
884 1208 992 1290 aperte
1013 1203 1110 1270 rerba
1126 1209 1201 1269 sunt
1220 1204 1355 1270 auctoris
1379 1203 1456 1287 eius,
1480 1203 1520 1269 ad
1543 1222 1636 1288 quem
1658 1221 1817 1268 commen-

490 1334 576 1395 tatur
593 1328 755 1415 Ulpianus,
779 1328 832 1412 qui
856 1333 903 1393 est
919 1326 1065 1411 Sabinus,
1088 1333 1233 1394 truncata
1253 1332 1422 1414 propterca
1444 1331 1477 1392 et
1499 1326 1636 1408 divulsa3
1660 1325 1817 1409 similiter,

491 1459 527 1520 ut
548 1453 611 1520 alia
632 1453 774 1536 mittam,
802 1451 836 1517 in
850 1427 1012 1517 Vaticanis
1038 1451 1223 1534 fragmentis
1246 1449 1346 1534 §269
1375 1471 1415 1516 ex
1442 1449 1555 1516 iisdem
1584 1449 1819 1516 commentariis

491 1576 619 1662 Ulpiani
652 1575 754 1643 verba
781 1575 959 1642 referrmtur
991 1573 1099 1641 Sabini
1135 1576 1323 1642 sententiam
1357 1595 1421 1640 non
1455 1573 1630 1660 explentia,
1664 1573 1820 1640 subicitur

492 1699 605 1768 deinde
627 1699 754 1786 Ulpiani
777 1698 945 1785 explicatio
967 1699 1163 1786 praescripto
1187 1699 1254 1764 eius
1276 1698 1412 1764 nomine.
1448 1696 1622 1764 Confirmat
1642 1698 1675 1763 id
1698 1696 1819 1764 Gallius

491 1824 512 1889 l.
530 1845 556 1891 o.
574 1823 593 1908 d
609 1826 648 1890 21
671 1823 803 1890 afferens
826 1822 918 1890 haec:¹
937 1822 1107 1890 ‘Masurius
1125 1821 1261 1889 Sabinus
1284 1823 1317 1888 in
1340 1822 1418 1887 iuris
1439 1821 1541 1887 civilis
1564 1820 1700 1887 seeundo
1723 1821 1820 1887 etiam

488 1945 583 2032 ‘qnod
616 1948 826 2014 iumentorum
861 1967 957 2014 causa
990 1951 1178 2034 apparatum
1212 1951 1311 2029 esset,
1347 1945 1459 2030 quibus
1491 1945 1638 2011 dominus
1666 1949 1819 2027 uteretur,

487 2071 611 2158 ‘penori
634 2072 820 2136 attributum
844 2067 942 2136 dioit'.
978 2070 1037 2136 His
1059 2071 1170 2157 positis
1192 2069 1331 2156 primum
1354 2074 1488 2154 apparet
1508 2067 1685 2134 inconsulto
1707 2067 1820 2134 fecisse

494 2215 547 2260 eos
570 2195 624 2278 qui
647 2195 731 2280 apud
751 2193 921 2280 Ulpianum
939 2190 1074 2260 ‘harum’
1100 2193 1288 2261 vocabulum
1313 2192 1353 2257 ad
1375 2199 1521 2259 neumam
1544 2213 1641 2277 genus
1662 2193 1820 2258 formave·

493 2323 582 2401 runt3
605 2319 702 2384 immo
724 2317 842 2403 pendet
863 2318 897 2382 id
920 2337 939 2382 a
954 2316 1064 2386 Sabini
1079 2317 1183 2384 verbis
1199 2315 1343 2402 proxime
1357 2316 1616 2402 praecedentibus
1631 2316 1666 2382 in
1680 2315 1820 2399 Digestis

494 2443 629 2508 omissis.
670 2439 822 2508 Similiter
838 2439 906 2508 fieri
922 2446 1036 2527 potest,
1059 2445 1096 2507 ut
1117 2441 1151 2507 in
1174 2439 1235 2507 tine
1259 2439 1384 2507 articuli
1397 2440 1552 2527 Ulpianus
1569 2440 1725 2527 quaedam
1742 2438 1821 2506 omi·

493 2567 581 2650 serit,
606 2571 641 2632 ut
662 2569 730 2632 tota
753 2565 862 2632 Sabini
885 2565 985 2632 oratio
1008 2565 1055 2632 sie
1076 2565 1142 2632 fere
1163 2564 1403 2648 redintegretur.

630 2722 745 2808 [Penus
768 2745 819 2792 res
841 2730 915 2791 sunt
937 2723 1113 2790 esculentae
1136 2729 1168 2790 et
1189 2721 1394 2809 potulentae],
1417 2743 1497 2809 quae
1519 2723 1631 2790 harum
1648 2713 1749 2809 patris
1771 2722 1820 2788 fa·

582 2891 602 2908 .
628 2847 731 2916 milias
747 2845 921 2934 uxoris[ve]
938 2847 1148 2914 liberorumve
1172 2849 1238 2914 eius
1254 2847 1305 2914 vel
1317 2847 1467 2931 familiae,
1490 2867 1570 2933 quae
1585 2847 1669 2914 circa
1683 2865 1736 2913 eos
1752 2865 1822 2912 esse

629 2972 723 3056 solet,
750 2973 827 3038 item
849 2973 1077 3055 iumentorum,
1107 2992 1188 3056 quae
1209 2971 1359 3037 dominici
1387 2991 1462 3038 usus
1485 2991 1581 3038 eausa
1603 2976 1715 3058 parata
1736 2974 1820 3053 suut,

632 3094 740 3180 [causa
761 3101 891 3181 paratae
914 3093 1012 3180 sunt]

497 3275 686 3341 quamquam
710 3255 761 3321 cui
783 3254 860 3321 haec
882 3255 976 3320 nimis
1000 3255 1080 3320 dura
1100 3254 1290 3321 videbuntur
1311 3273 1370 3320 nec
1394 3259 1479 3320 recte
1500 3228 1654 3341 Ulpianus
1677 3254 1823 3321 omittere

448 3399 450 3403 ·
496 3381 637 3467 potuisse
660 3384 810 3463 extrem,
833 3378 898 3444 leni
919 3379 1094 3445 mutatione
1117 3384 1259 3445 extrema
1280 3377 1326 3443 sie
1348 3379 1466 3464 poterit
1486 3379 1672 3445 reformare:

630 3539 708 3605 item
730 3538 940 3604 iumentorum
964 3537 1114 3604 dominici
1135 3557 1222 3622 usus,
1245 3556 1341 3605 causa
1363 3535 1521 3623 parata[e]
1547 3542 1630 3604 sunt

499 3697 628 3765 Collatis
649 3697 716 3780 his,
738 3696 793 3763 nbi
815 3697 981 3762 manifesto
1005 3695 1156 3781 Sabinus,
1181 3716 1370 3782 quamquam
1392 3697 1533 3763 iumenta
1553 3697 1676 3783 primus
1697 3696 1823 3764 videtur

499 3819 695 3904 addimsse‘),
719 3819 753 3886 in
775 3819 904 3904 reliquis
928 3819 1114 3887 aScaevols
1135 3821 1261 3906 pendet,
1283 3822 1360 3888 item
1375 3820 1415 3887 iis
1436 3840 1516 3904 quae
1533 3841 1572 3887 ex
1586 3820 1656 3908 ipso
1673 3819 1825 3888 Scaevola

588 4086 610 4150 ¹)
629 4083 786 4138 Communis
802 4097 869 4138 usus
881 4097 982 4153 penum
994 4081 1029 4138 ad
1043 4097 1077 4138 ea
1087 4082 1205 4137 maxime
1218 4077 1361 4152 referebat,
1379 4097 1450 4152 quae
1467 4081 1609 4138 dominicis
1626 4082 1723 4138 usibus
1740 4081 1823 4138 desti·

499 4179 740 4260 nubantur3'unde
757 4189 917 4258 Favorinus,
936 4203 997 4243 eum
1017 4203 1034 4242 a
1051 4189 1230 4258 grammatico
1249 4189 1437 4259 quaesivisset,
1455 4188 1522 4258 quid
1539 4193 1614 4244 esset
1630 4203 1727 4259 penus,
1745 4190 1823 4257 isque

499 4295 686 4365 respondisset
703 4309 764 4350 esse
782 4295 875 4350 vinnm
895 4299 923 4349 et
940 4294 1061 4350 triticum
1079 4299 1108 4348 et
1124 4294 1214 4350 oleum
1237 4299 1266 4349 et
1286 4295 1381 4349 lentim
1404 4299 1433 4349 et
1452 4291 1544 4350 labam
1567 4298 1650 4364 atque
1667 4294 1824 4350 huiusmodi
1940 4301 1944 4306 ’

500 4405 606 4470 cetera,
624 4401 811 4470 quaestionem
830 4400 948 4470 rettulit,
971 4416 1037 4455 uum
1055 4400 1157 4454 milium
1176 4404 1205 4455 et
1221 4401 1349 4470 panicum
1367 4403 1396 4454 et
1412 4399 1492 4469 glans
1508 4405 1538 4456 et
1555 4399 1685 4456 hordeum
1703 4400 1823 4456 contine

500 4509 607 4576 rentur,
630 4521 685 4575 qus
701 4507 793 4576 posita
809 4505 1004 4575 grammaticus
1021 4505 1118 4561 haesit.
1154 4504 1263 4560 Scilicet
1286 4520 1348 4560 cum
1371 4505 1417 4560 ills
1438 4505 1526 4574 primo
1547 4506 1609 4561 loco
1631 4506 1771 4561 nominata
1787 4504 1824 4559 ad

499 4611 642 4666 lautiorem
660 4612 763 4666 vietum
782 4611 943 4680 pertineant,
962 4611 1035 4666 milio
1053 4616 1082 4665 et
1098 4611 1196 4680 panico
1212 4626 1269 4666 non
1284 4611 1387 4665 domini
1398 4617 1554 4681 vescuntur,
1572 4611 1719 4680 sedsaepe
1735 4611 1824 4665 coloni

501 4716 662 4782 (Columella
673 4719 699 4786 2,
713 4718 755 4787 19,
769 4717 822 4786 17),
839 4715 939 4785 glande
958 4721 986 4770 et
1002 4715 1105 4771 hordeo
1123 4717 1284 4786 praesertim
1301 4717 1443 4788 animalia,
1460 4717 1489 4772 in
1505 4715 1587 4772 rebus
1601 4722 1693 4772 sutem
1705 4713 1825 4771 familiae

500 4823 736 4892 iumentorumque
755 4837 839 4877 causa
855 4823 957 4892 paratis
970 4828 1105 4890 quatenus
1118 4837 1206 4891 penus
1220 4822 1370 4892 perveniat,
1387 4837 1442 4892 non
1454 4822 1693 4892 grammaticorum
1704 4827 1748 4877 est
1758 4819 1830 4890 oen,

502 4929 568 5002 nire,
586 4927 635 4983 sed
651 4927 834 5000 prudentium,
853 4943 871 4982 a
887 4926 987 4998 quibus
1004 4927 1033 4982 id
1051 4927 1157 4983 discere
1174 4943 1229 4983 non
1246 4928 1358 4998 insuper
1374 4926 1503 4984 habuisse
1520 4943 1551 4984 se
1568 4943 1632 4985 mox
1648 4925 1825 4998 philosophus
