4142 5817
390 510 437 562 AD
456 510 576 562 LEGUM
594 511 1086 564 Shawtanmoonsufflmr
1105 510 1229 592 oculta
1245 511 1445 564 lutulentam.
1506 521 1578 592 105

347 687 479 756 Constat
501 691 684 776 opuseulum
707 690 832 758 nonnisi
855 689 995 757 articulis
1018 691 1213 776 capitihueve
1236 691 1306 778 plue
1324 691 1428 758 minue
1445 693 1509 758 150
1523 713 1580 779 pa·

260 815 410 901 ginasque
433 814 540 901 explet
561 834 624 881 non
647 814 781 902 amplius
805 816 858 900 28,
889 815 943 882 sed
967 836 1003 883 eo
1026 816 1153 883 nomine
1176 815 1422 884 commendabile
1444 821 1493 884 est
1514 822 1580 884 tam

259 940 407 1008 historiae
431 960 525 1026 quem
548 941 624 1007 iuris
648 941 769 1027 peritis,
796 940 878 1025 quod
901 940 968 1007 aine
991 940 1087 1007 dubio
1108 941 1187 1007 iuris
1209 947 1411 1009 monumenta
1433 943 1580 1028 servarit,

261 1085 339 1151 quae
362 1063 527 1132 lastiniani
548 1065 669 1149 legibus
693 1065 853 1150 aliquanto
877 1070 979 1132 aetate
1001 1066 1196 1132 antecedant

347 1189 473 1258 Etenim
496 1190 593 1257 codex
621 1191 721 1257 musei
743 1189 916 1256 Britannici
943 1211 1073 1258 numero
1099 1191 1217 1276 lopas
1245 1191 1428 1276 insignitae,
1457 1192 1490 1258 in
1519 1212 1580 1277 quo

259 1315 344 1400 leges
384 1314 457 1381 illae
497 1314 632 1402 plagulis
667 1316 835 1383 octonariis
868 1315 1180 1400 duodequadraginta
1213 1315 1287 1382 inde
1314 1337 1334 1383 a
1362 1317 1581 1402 pagina192¹

260 1460 357 1525 usqne
381 1440 420 1506 ad
444 1440 539 1506 228¹m
562 1445 681 1506 rectam
704 1441 840 1527 scriptae
863 1446 945 1524 sunt,
969 1445 1049 1507 teste
1072 1440 1242 1527 colophone
1257 1440 1385 1528 Syriaco
1408 1424 1581 1528 pagiuabd

261 1565 405 1631 editionis
428 1563 609 1631 Landianee
632 1585 795 1652 expresso,
826 1571 973 1633 exaratus
995 1565 1058 1632 init
1078 1565 1112 1631 in
1134 1565 1211 1632 nrbe
1233 1562 1424 1652 Hierapoli²l
1453 1572 1486 1633 et
1507 1585 1581 1632 exa·

259 1695 348 1756 ratus
371 1709 452 1756 auno
468 1689 642 1756 Alexandri
658 1670 733 1774 812,
757 1691 809 1776 qui
833 1711 933 1757 annue
952 1689 1122 1777 respondet
1136 1711 1218 1757 anno
1233 1691 1476 1777 computationis
1491 1690 1582 1758 Chri·

260 1815 380 1881 stianae
395 1815 470 1880 501.
506 1814 636 1882 eandem
652 1821 796 1900 aetatem,
819 1815 939 1883 Laudic
954 1815 1067 1899 iudice,
1091 1815 1246 1882 elementa
1268 1816 1406 1902 produnt
1425 1816 1460 1881 iu
1474 1815 1583 1882 tabula

261 1939 355 2005 tertia
381 1938 438 2006 sub
460 1940 599 2005 numeris
623 1941 642 2006 8
667 1945 698 2006 et
721 1942 740 2005 9
765 1940 901 2025 adiecta,
930 1940 1043 2024 quibus
1071 1939 1125 2006 ille
1152 1941 1279 2006 omuino
1309 1941 1453 2008 exeuntia
1481 1941 1582 2026 quinti

261 2063 378 2131 saeculi
400 2065 589 2151 scripturam
613 2064 721 2131 referri
746 2063 899 2131 adfirmat.

350 2188 434 2267 Quae
460 2208 529 2255 cum
555 2193 647 2256 antea
669 2189 762 2275 plane
785 2189 945 2272 incognita
965 2193 1087 2272 essent,
1115 2188 1257 2256 effectum
1282 2196 1346 2275 est,
1374 2195 1411 2257 ut
1430 2191 1513 2257 inter
1535 2195 1584 2256 tot

261 2313 402 2381 homines
425 2314 501 2382 iuris
524 2313 625 2380 civilis
648 2315 856 2401 peritissimos
879 2334 970 2380 nemo
990 2335 1072 2380 unus
1092 2313 1192 2380 adhuc
1212 2315 1322 2380 harum
1346 2314 1423 2381 iuris
1444 2320 1517 2382 ante
1532 2315 1582 2380 lu-

261 2439 433 2505 stinianum
455 2439 487 2505 in
511 2439 635 2506 iudiciis
658 2440 814 2507 observati
829 2440 1031 2524 reliquiarum
1048 2439 1203 2506 rationem
1217 2439 1370 2506 habuerit.
1405 2440 1487 2507 unde
1510 2445 1584 2508 ante

263 2565 369 2630 omnia
389 2564 565 2631 faciendum
589 2565 713 2652 putavi,
741 2571 777 2631 ut
798 2564 879 2631 lecta
901 2565 933 2630 iu
957 2584 1107 2631 consessu
1129 2563 1308 2632 academiae
1329 2563 1445 2648 Regiae
1467 2565 1518 2632 die
1534 2565 1584 2639 ,29

261 2691 447 2758 Novembris
476 2691 549 2756 enni
575 2692 659 2756 1866
689 2691 950 2757 commentatione
979 2690 1065 2774 leges
1087 2689 1232 2756 confusas
1256 2694 1288 2756 et
1309 2690 1504 2758 inordinatas
1526 2711 1583 2757 auo

262 2816 365 2883 ordini
378 2817 576 2884 restituerem
601 2815 759 2901 atquibus
778 2835 818 2883 cx
833 2815 971 2882 fontibus
987 2816 1118 2881 haustae
1134 2815 1207 2899 sint,
1231 2814 1488 2882 demonstrarem.
1523 2837 1585 2902 quo

262 2942 343 3008 facto
371 2942 405 3008 id
433 2947 518 3008 certo
547 2941 696 3028 probasse
725 2941 802 3006 mihi
825 2941 911 3008 visus
939 2959 1025 3024 sum,
1055 2940 1162 3007 omnia
1187 2940 1259 3006 iura
1286 2959 1366 3024 qnae
1391 2940 1442 3006 his
1463 2940 1585 3024 legibus

262 3067 460 3134 continentur
485 3065 626 3151 Zenone,
653 3067 838 3150 Anastasio,
868 3065 1004 3149 Iustino,
1035 3064 1208 3132 Iustiniano
1238 3065 1481 3151 imperatoribus
1504 3065 1585 3131 anti·

263 3193 373 3277 quiora
400 3193 532 3278 ideoque
560 3190 599 3257 ad
622 3191 877 3274 Constantinum,
901 3190 1125 3274 Theodosium,
1153 3189 1290 3257 Leonem
1318 3191 1385 3257 inre
1410 3190 1585 3276 meritoque

263 3323 408 3384 revocata
431 3338 513 3400 esse3
538 3317 613 3402 quin
636 3317 732 3382 etiam
756 3316 892 3403 plurima
914 3315 1064 3402 opusculo
1085 3315 1238 3382 contineri
1260 3334 1339 3399 quae
1355 3335 1418 3380 non
1433 3335 1472 3381 ex
1485 3314 1584 3382 Theo·

263 3443 391 3509 dosiano
414 3443 519 3509 codice
541 3447 573 3508 et
593 3441 735 3526 novellis,
759 3441 814 3508 sed
833 3463 870 3508 er
887 3439 1092 3525 Gregoriano,
1113 3460 1132 3506 a
1151 3441 1304 3527 scriptore
1323 3439 1357 3505 in
1379 3440 1411 3506 id
1432 3440 1586 3507 hanelata

263 3569 335 3634 sint.
372 3587 463 3653 quam
489 3566 733 3653 disputationem
756 3566 838 3652 quod
862 3566 963 3632 adhuc
985 3565 1103 3653 publici
1125 3566 1203 3632 inris
1225 3565 1329 3632 facere
1344 3565 1483 3632 dubitari
1497 3565 1586 3632 iham

263 3694 415 3760 rationem
443 3691 554 3776 habui,
578 3691 660 3776 quod
683 3691 804 3758 codices
828 3692 1034 3778 manuscripti
1057 3689 1260 3777 exspectandi
1281 3697 1387 3774 erant,
1410 3691 1585 3777 exquibus

263 3819 399 3903 collegae
425 3817 623 3884 orientalium
645 3817 821 3884 litterarum
845 3817 1028 3903 peritissimi
1050 3815 1203 3900 Roediger
1226 3821 1258 3884 et
1278 3814 1467 3883 Petermann
1489 3796 1586 3883 verba

263 3944 425 4030 scriptoris
447 3943 621 4010 accuratius
642 3940 879 4029 interpretanda
893 3947 1088 4028 receperunt.
1117 3961 1191 4008 nam
1206 3945 1333 4028 praeter
1348 3939 1536 4008 Aramaeam
1552 3941 1586 4008 in

263 4069 459 4136 bibliothecis
474 4067 646 4134 Bodleiano
668 4073 700 4134 et
710 4067 863 4134 Vaticana
886 4071 1012 4133 exstant
1034 4067 1203 4134 earundem
1225 4067 1331 4151 legum
1352 4065 1586 4152 interpretatio·

263 4215 319 4262 nes
341 4194 506 4261 Arabicae.
540 4193 589 4259 De
611 4191 801 4260 Armeniaca
823 4191 1005 4259 duodecimo
1029 4191 1152 4258 saeculo
1175 4211 1232 4277 per
1254 4190 1459 4258 hicchitarnm
1482 4189 1585 4258 Gosch

264 4319 405 4386 confecta
427 4319 586 4405 superiore
609 4337 690 4384 anno
714 4339 733 4382 a
754 4311 991 4394 Petermanno³t
1015 4317 1208 4402 disputatum
1232 4321 1295 4400 est,
1318 4315 1512 4401 alteramque
1533 4334 1585 4384 eo·

264 4445 336 4512 dem
359 4463 502 4512 sermone
526 4447 708 4529 conceptam
732 4443 766 4508 in
789 4441 976 4509 bibliotheca
997 4441 1179 4508 monasterii
1201 4441 1437 4508 Etschmiadzin
1460 4446 1586 4510 exstare

265 4591 303 4638 ex
327 4571 465 4637 eiusdem
488 4567 694 4636 bibliothecae
716 4569 818 4635 indice
840 4586 970 4633 numero
994 4567 1060 4632 482
1082 4565 1283 4651 intellegitur.

352 4747 374 4812 ¹)
399 4743 494 4816 Syriae
507 4744 618 4816 scilicet,
637 4759 708 4815 quae
720 4746 751 4800 L.
762 4746 779 4800 2
791 4743 821 4800 C.
831 4744 882 4799 Th.
896 4743 931 4800 de
944 4743 1089 4800 venatione
1101 4741 1219 4798 ferarum
1231 4743 1585 4814 (15,11)connemoratur,

266 4867 319 4908 non
338 4851 434 4922 Asiae,
457 4852 567 4921 templis
585 4856 614 4908 et
631 4851 708 4921 aquis
727 4850 914 4920 celeberrima,
938 4851 1016 4906 cuius
1034 4851 1092 4905 L.1
1112 4851 1173 4915 §13
1186 4850 1220 4905 D.
1239 4849 1274 4905 de
1292 4863 1364 4920 aqua
1380 4855 1455 4920 quot
1473 4849 1527 4919 (43,
1540 4851 1585 4917 20)

265 4959 428 5014 montionem
447 4957 521 5014 iacit.
550 4989 581 4998 —
619 4959 641 5025 l)
665 4956 892 5013 ldonataberichte
910 4955 1130 5048 derAkademie
1148 4957 1216 5014 1861
1239 4973 1267 5029 p.
1278 4956 1438 5012 419-424.
