4142 5817
887 445 1047 519 ansanus
1065 464 1272 516 nnmnmeus
1289 463 1453 516 nunonis

682 645 867 727 ‘Quaeritur
891 649 1044 732 quamdiu
1068 659 1144 732 poet
1167 641 1395 730 παραγγελίαιί
1380 598 1654 776 plasmatum
1677 645 1719 707 ait
1740 643 1836 707 donee

634 781 697 863 fiat
720 781 759 844 lie
783 793 810 844 et
832 801 912 866 quoe
934 783 976 845 ait
999 801 1167 844 causarum
1190 781 1272 844 ratio
1296 791 1325 843 et
1346 781 1500 865 quamdiu
1519 790 1593 863 poet
1614 778 1836 862 παραγγελίαν

638 903 773 969 oblatam
796 927 905 970 aarum
927 908 1056 970 initiam
1077 903 1159 986 fiat?
1196 925 1267 967 oum
1289 905 1491 988 παραγγελία
1513 905 1611 966 missa
1634 914 1680 966 eat
1701 913 1836 986 quotuor

636 1051 753 1093 menses
783 1029 866 1094 elabi
893 1051 972 1116 opor
973 1041 1030 1109 tet,
1060 1030 1127 1092 oui
1154 1031 1235 1093 iuter
1258 1051 1308 1092 eoa
1338 1031 1496 1095 inuenitur
1519 1030 1631 1092 maula
1654 1047 1770 1091 naeuus
1792 1048 1834 1089 aa.

1416 1118 1497 1149 mum

642 1161 762 1227 Tameia
792 1161 928 1242 (hellas)
958 1176 1013 1228 aat
1040 1161 1177 1227 Tesrll
1196 1159 1274 1242 (Oet
1261 1162 1372 1244 t.ober)
1414 1165 1581 1282 demoptur
1610 1164 1693 1226 euim
1718 1181 1835 1224 moues

636 1297 688 1361 illl
709 1300 803 1362 auaui
824 1319 840 1361 e
862 1283 990 1362 aamelo
1014 1309 1152 1382 quatuor
1174 1299 1335 1361 ιιιοαιίαια.
1376 1296 1479 1362 lulius
1502 1309 1547 1362 eat
1571 1295 1701 1361 Tameia.

685 1419 769 1488 Sunt
790 1435 893 1487 autem
916 1435 1058 1508 tempora
1082 1442 1162 1542 qupe
1184 1421 1303 1506 lepidae
1319 1423 1437 1486 danaen
1458 1443 1575 1485 menses
1598 1433 1660 1485 tres
1683 1432 1711 1484 et
1732 1440 1787 1482 aen
1808 1429 1837 1482 et

1110 1510 1118 1541 i
1145 1515 1220 1542 Μ·

634 1568 707 1640 post
734 1577 784 1620 eos
812 1577 922 1620 ιιοσαιι
949 1568 1082 1640 propter
1108 1560 1263 1635 rationes,
1295 1579 1377 1641 quoe
1403 1580 1424 1620 a
1446 1554 1603 1620 iudicibus
1631 1555 1836 1638 requirantur

591 1761 593 1766 ι
632 1694 767 1765 propter·
783 1679 887 1744 debita
902 1681 1115 1759 describendo,
1137 1695 1165 1746 et
1180 1684 1366 1760 testimonia,
1385 1682 1513 1766 quando
1531 1692 1618 1744 testes
1634 1701 1655 1742 α
1669 1677 1836 1764 provincia

637 1807 751 1869 nentott'
771 1817 852 1869 suat.
889 1803 933 1869 Et
954 1808 984 1868 ai
999 1805 1104 1869 laoola
1123 1817 1167 1870 est
1188 1809 1223 1870 ιἰι
1241 1817 1395 1891 potestate
1415 1807 1471 1870 τοῦ
1491 1800 1721 1942 ἦγεμόνοςδιεα
1740 1822 1836 1901 prpe·

1666 1907 1794 1947 ίαπανῐθς

638 1966 717 2028 sidia
738 1967 934 2050 provintiae,
959 1977 1020 2029 tres
1039 1987 1157 2030 oaeaeee
1172 1967 1290 2030 dautur
1305 1971 1519 2051 προθεσμίας,
1542 1986 1623 2049 quoe
1646 1965 1711 2027 dieo
1729 1963 1838 2048 poes‘ta

637 2084 789 2152 uocatun‘.

683 2209 708 2275 F
710 2210 750 2276 ol.
768 2212 833 2276 210
846 2233 875 2276 v.
910 2211 1098 2292 ‘Quaeritur
1120 2215 1199 2298 pald
1218 2214 1332 2298 sacae
1361 2225 1502 2298 oporteat
1528 2234 1613 2292 eam,
1643 2214 1732 2276 cuias
1755 2212 1837 2275 actio

640 2341 845 2421 προθεσμίας
860 2359 933 2422 erqo
949 2339 1094 2401 instituto
1109 2337 1170 2402 eit?
1204 2340 1331 2423 quaudo
1348 2340 1414 2402 dies
1429 2341 1611 2402 constitutus
1627 2337 1725 2415 adeat,
1743 2357 1837 2420 opor·

641 2483 683 2535 tet
705 2493 774 2534 eam
797 2474 854 2556 qui
875 2474 909 2535 ιἰι
932 2473 981 2535 lus
998 2430 1127 2536 οἵοαιαν
1142 2473 1325 2536 adversario
1340 2473 1562 2555 παραγγελίαν
1576 2473 1695 2535 mittere
1718 2479 1838 2554 etpost

598 2655 600 2660 .
640 2597 864 2714 παραγγελίαν
878 2617 996 2660 meuses
1019 2607 1156 2680 quatuo-r
1179 2609 1364 2681 exspectare.
1400 2597 1527 2680 quondo
1543 2607 1647 2659 autem
1669 2593 1708 2658 lie
1732 2613 1839 2657 eooum

641 2731 729 2815 apud
750 2729 885 2794 iadicem
900 2731 991 2809 veuit,
1016 2727 1112 2794 lenito
1125 2731 1168 2812 fit
1190 2732 1271 2794 aetio
1290 2731 1430 2816 petitori,
1450 2750 1511 2857 ἔαρ
1534 2728 1619 2793 litem
1638 2729 1762 2812 palmae
1784 2728 1835 2788 ιά-

638 2865 750 2942 stituit,
775 2885 813 2926 ao
828 2864 929 2926 denuo
947 2865 1166 2926 adversarium
1188 2865 1223 2927 ιἰι
1245 2865 1295 2927 toa
1317 2875 1415 2927 vocat.
1450 2866 1501 2926 sia
1524 2865 1590 2927 elue
1607 2861 1732 2946 fraude
1755 2861 1836 2924 aetio
1918 2869 1921 2872 ’

641 2991 843 3070 προθεσμίας
851 3009 932 3107 “apo
948 2987 995 3051 hta
1011 2990 1107 3051 imita
1121 2987 1173 3069 fit,
1198 2999 1233 3052 ut
1252 2989 1360 3072 paona
1382 2989 1449 3052 alae
1460 2987 1558 3071 faeta
1573 2999 1627 3066 eet,
1651 2988 1720 3071 lpse
1742 3006 1839 3048 casua

642 3122 736 3199 oodlt,
756 3075 1002 3208 necquidquam
1024 3124 1055 3185 ei
1076 3133 1120 3184 est
1142 3142 1212 3185 oum
1228 3123 1421 3200 adversario,
1448 3124 1524 3206 quia
1546 3123 1699 3185 actionem
1720 3118 1805 3182 bia
1791 3139 1837 3182 ιι·-

642 3246 738 3308 altam
756 3245 848 3327 feeit.
889 3267 995 3310 σεναιη
1024 3247 1117 3310 tertia
1139 3247 1205 3309 aiae
1228 3245 1307 3330 tepea
1330 3247 1457 3310 imitant
1475 3245 1590 3329 faeere
1611 3244 1698 3308 laud
1720 3245 1836 3308 οιάααί.

642 3367 717 3432 loeo
732 3381 835 3433 autem
859 3369 908 3434 lea
931 3372 969 3433 de
985 3371 1069 3434 tace
1085 3369 1199 3445 δίκαις,
1223 3391 1304 3454 quoe
1321 3382 1456 3455 propter
1471 3373 1677 3453 προθεσμίαν
1691 3368 1840 3432 dicuntur

643 3514 749 3556 eoram
771 3494 874 3557 iudice
892 3496 1000 3580 posita
1024 3488 1091 3558 eat'.

597 3613 656 3679 His
673 3614 793 3681 dnobus
808 3616 964 3701 capitibus
981 3616 1060 3682 duas
1074 3637 1126 3682 res
1143 3616 1281 3682 maxime
1296 3615 1515 3683 memorabiles
1527 3616 1691 3681 doeemur:
1708 3612 1838 3680 alteram

509 3736 611 3805 adhue
632 3739 796 3822 incertam,
821 3739 952 3806 alteram
976 3739 1089 3806 saltem
1113 3740 1339 3807 addubitatum.

598 3861 679 3928 Nam
702 3863 912 3929 ‘commodum
936 3863 1014 3929 illud
1037 3864 1268 3931 denuntiandae
1290 3865 1356 3930 litis
1380 3863 1651 3951 opperiendaeque
1674 3861 1714 3927 ad
1736 3859 1840 3927 diem’

508 3991 644 4072 tempus⁹
661 3987 744 4071 quod
761 3973 933 4074 imperator
943 3987 1067 4054 Marcus
1075 3988 1233 4073 Aurelius,
1249 3988 1512 4054 ‘vadimoniorum
1527 3985 1672 4053 sollemni
1689 3981 1839 4068 remota,

509 4111 684 4176 instituisse
707 4107 882 4195 dioitnr³⁹)‚
913 4115 1140 4199 qaadoimestne
1158 4115 1281 4196 suase,
1311 4132 1395 4178 nuno
1417 4112 1544 4178 demum
1571 4111 1698 4176 disertis
1727 4110 1839 4176 harum

491 4233 613 4317 'legum
637 4235 741 4301 verbis
765 4241 960 4322 compertum
984 4235 1153 4319 habemus,
1183 4257 1255 4302 aum
1278 4241 1371 4303 antea
1392 4235 1426 4300 id
1448 4234 1549 4301 solum
1574 4239 1748 4316 constaret,
1777 4253 1840 4298 non

510 4359 615 4424 minus
638 4363 762 4445 tempus
785 4359 940 4426 indultum
966 4381 1034 4426 esse
1056 4362 1213 4445 potuisse,
1243 4381 1338 4446 quam
1361 4360 1587 4446 reparationis,
1613 4379 1694 4445 quae
1716 4363 1749 4425 et
1770 4358 1842 4443 ipsa

500 4468 659 4568 'quattuor
681 4484 836 4549 mensium
860 4489 908 4550 ast
916 4480 961 4565 ⁴⁰).

598 4612 633 4678 ⁸⁹)
657 4611 724 4667 Aur.
737 4613 841 4692 Viator.
860 4613 894 4669 de
913 4615 992 4668 (taes.
1012 4627 1035 4667 a.
1051 4614 1093 4667 16.
1106 4605 1250 4683 -Wiading
1267 4611 1462 4683 Libatlprooels
1484 4613 1519 4667 at
1537 4629 1564 4682 p.
1577 4613 1630 4667 556
1648 4591 1724 4680 seqq.
1763 4609 1841 4665 idam

510 4708 700 4778 appellationis
723 4715 752 4764 et
773 4711 908 4779 potiorum
932 4709 1125 4765 nominationis
1148 4716 1273 4780 tempora
1290 4710 1428 4766 ordinavit
1444 4711 1503 4765 L.l
1527 4711 1577 4775 §t
1595 4709 1630 4764 D.
1648 4707 1759 4778 quando
1776 4722 1842 4776 app.

510 4807 565 4875 (49,
577 4806 615 4872 4).
642 4805 751 4876 Fragm.
764 4807 828 4864 Vat.
842 4809 903 4862 210.
930 4807 1061 4877 Wieding
1077 4806 1240 4877 Libeliproe.
1258 4825 1285 4877 p.
1298 4809 1360 4862 593.

599 4904 633 4971 ⁴⁰)
656 4903 726 4960 Nov.
740 4905 801 4960 Vai.
814 4905 854 4959 111
867 4906 901 4960 34
920 4910 935 4970 5
949 4906 990 4960 14.
1015 4904 1316 4974 Bahman-Halteres
1335 4904 1394 4960 Oiv.
1406 4905 1451 4961 Pr.
1464 4905 1504 4960 111
1521 4921 1548 4974 p.
1558 4904 1611 4958 341
1630 4903 1739 4958 not.42.
