4142 5817
395 473 442 526 An
461 474 582 526 LEGUM
601 474 846 527 sunnnnunwn
866 475 1097 528 consustinuit
1116 475 1240 528 cemus
1258 477 1458 529 inniclnnln.
1520 487 1593 556 119

395 655 533 720 teudoni
550 655 616 721 Dei
638 656 718 741 loyes
740 655 899 741 ylouiosus
923 669 951 720 et
973 657 1168 721 venerandos
1189 669 1218 721 et
1239 659 1344 722 iurmt
1361 654 1405 720 ‘oo
1426 659 1597 722 seeundum

395 781 555 844 uariatum
570 782 746 845 teotimouio
757 775 861 844 duue’.
887 779 963 844 talos
979 780 1117 845 tonino
1133 781 1193 859 lou,
1206 793 1242 845 ut
1256 792 1344 844 testes
1359 783 1433 859 siut,
1447 783 1594 862 admittit,

397 905 524 990 quaudo
547 907 610 969 uisi
630 917 704 970 suut
725 904 838 984 adulti,
864 925 914 968 eos
937 905 1006 967 dico
1031 907 1088 988 qui
1104 904 1181 990 plus
1205 924 1301 988 quum
1321 906 1437 989 viqiutu'
1459 908 1597 991 quinque

398 1050 498 1093 auuos
526 1031 596 1094 uoti
622 1041 702 1092 suut.
745 1027 806 1093 Uos·
832 1049 904 1092 uero
934 1049 984 1091 res
1005 1030 1089 1092 iuter
1111 1049 1162 1092 eos
1193 1033 1250 1114 qui
1278 1030 1362 1094 litem
1385 1028 1498 1094 tabent
1525 1042 1598 1095 oute

397 1152 528 1216 multum
545 1165 664 1238 tompus
680 1155 808 1218 initium
823 1155 915 1237 oepit,
938 1165 1094 1236 uoquutur
1108 1161 1219 1233 testeos
1232 1175 1309 1239 quos
1325 1166 1412 1218 actor
1431 1155 1594 1238 produuit,

399 1289 476 1361 quot
505 1299 606 1340 anuos
634 1279 705 1342 uoti
730 1279 794 1341 siut
822 1289 894 1341 tuno
924 1299 994 1339 oum
1022 1278 1231 1341 testimouium
1255 1279 1372 1343 edituri
1395 1290 1469 1342 eunt
1491 1301 1598 1342 coram

399 1422 512 1466 causae
534 1401 741 1480 auditoribus,
768 1413 797 1466 et
816 1413 936 1486 tempus
951 1399 1043 1478 illud,
1067 1401 1106 1464 do
1129 1422 1190 1486 quo
1214 1400 1278 1466 litis
1302 1424 1375 1486 erqo
1398 1405 1597 1488 intomoouu·

397 1536 459 1646 tau:
485 1527 637 1609 quamdiu
651 1527 701 1590 sit.
738 1537 766 1589 et
783 1527 813 1588 si
833 1527 990 1588 iuvenitur
1005 1537 1093 1589 tostos
1108 1525 1165 1589 illo
1181 1537 1318 1611 tempore
1339 1526 1463 1590 adultos
1477 1527 1595 1608 fuisse,

398 1681 440 1723 so.
464 1660 579 1744 uiqiuti
607 1661 746 1744 quinque
773 1659 866 1722 anuis
889 1669 972 1722 'motu
994 1644 1146 1739 maiores,
1177 1681 1285 1723 omum
1307 1662 1515 1724 testimouium
1537 1662 1596 1724 od·

399 1786 540 1848 mittitur.
582 1785 632 1846 siu
655 1795 853 1868 computatur
877 1803 982 1846 eorum
1005 1805 1105 1846 ouuos
1128 1785 1244 1868 oi9iuti
1265 1786 1403 1868 qumque
1427 1787 1597 1868 pauciores

396 1907 513 1992 fuisse,
537 1919 700 1971 recusatur
713 1928 830 1971 uotum
853 1902 1085 1970 testimouium’.

355 2028 529 2095 Numerum
553 2030 680 2096 testium
699 2028 862 2112 ad‘legem
878 2027 1108 2094 Christianam'
1125 2028 1248 2095 definiri
1269 2030 1472 2096 manifestum
1495 2025 1596 2111 est⁴⁹).

267 2173 341 2220 nam
371 2153 454 2238 quod
476 2153 631 2239 Ulpianus
654 2152 734 2219 libro
752 2154 792 2218 37
818 2152 858 2218 ad
887 2153 1023 2219 edietum
1048 2154 1094 2219 ait
1111 2151 1177 2220 ‘uni
1205 2174 1355 2220 numerus
1383 2155 1512 2220 testium
1535 2174 1599 2219 non

268 2277 417 2361 adicitur,
449 2279 543 2345 etiam
567 2279 645 2344 duos
669 2273 841 2360 sufficere',
870 2276 908 2342 ad
931 2276 1015 2342 furta
1039 2296 1145 2343 coram
1168 2278 1300 2344 testibus
1324 2277 1503 2363 quaerenda
1525 2298 1598 2363 per-

267 2402 368 2470 tinere
396 2423 435 2470 ex
464 2403 536 2488 ipsa
563 2403 768 2488 inscriptione
795 2402 992 2484 cognoscitur
1001 2397 1048 2483 50).
1089 2400 1314 2468 Constantinus
1337 2402 1463 2487 quidem
1487 2402 1598 2487 obiter,

268 2547 308 2594 ns
330 2528 423 2593 nnius
445 2527 662 2594 testimonium
684 2525 777 2592 fusile
794 2526 979 2592 admittatur
1000 2521 1217 2612 praecupidi:
1240 2547 1349 2592 verum
1365 2530 1441 2610 quot
1456 2525 1599 2593 sufficere

268 2656 367 2738 putet,
390 2671 454 2717 non
478 2652 643 2738 expressit.
679 2649 763 2717 Sane
785 2649 991 2716 iurisiurandi
1014 2650 1233 2716 necessitatem
1258 2671 1298 2716 ex
1312 2650 1513 2716 Constantini
1527 2650 1598 2734 iege

269 2776 457 2844 descendere
479 2776 679 2842 verissimum
703 2771 803 2857 est⁵²).
852 2746 859 2758 ι
1056 2754 1062 2766 ’

357 2900 405 2967 De
429 2899 491 2966 fide
519 2901 647 2966 testium
675 2900 847 2966 notandum
876 2899 1002 2965 uidetur
1030 2899 1114 2983 quod
1142 2899 1182 2966 de
1204 2902 1363 2984 ἐξωμοσίᾳ
1392 2899 1511 2964 dietum
1539 2906 1597 2966 est.

269 3024 411 3092 Psitinet
433 3025 474 3090 ad
496 3045 567 3091 eum
591 3025 646 3109 qui
669 3026 770 3091 seisns
794 3023 865 3090 dolo
889 3023 971 3089 mulo
994 3023 1028 3089 in
1051 3023 1119 3090 iure
1135 3023 1288 3090 creditum
1303 3019 1513 3108 abiuravit‘³)‚
1536 3024 1599 3090 nisi

270 3169 342 3216 sum
364 3147 610 3232 intellegendum
633 3169 701 3216 esso
717 3149 834 3214 dixeris
851 3148 904 3233 qui
920 3167 991 3214 oum
1007 3169 1055 3231 so,
1077 3148 1128 3213 oui
1150 3148 1270 3214 furtum
1289 3149 1374 3232 fouit,
1397 3148 1598 3214 iureiurando

271 3275 326 3341 sed
348 3273 427 3340 falso
449 3274 655 3360 interposito,
685 3273 915 3359 depectunt,
945 3273 1028 3357 quod
1055 3278 1161 3339 tumen
1190 3272 1260 3338 ideo
1283 3271 1440 3338 diffieilius
1467 3272 1597 3357 dicetur,

272 3399 346 3483 quia
368 3397 504 3496 quodam
526 3398 619 3464 modo
643 3398 854 3464 innocentiim
878 3419 967 3464 suam
994 3396 1141 3483 probavit
1163 3401 1196 3462 et
1217 3395 1359 3463 sufficere
1382 3397 1504 3463 videtur
1527 3417 1599 3482 per·

270 3523 344 3589 iurii
366 3519 518 3609 poena⁵‘).

359 3726 393 3792 ω)
416 3687 499 3779 nsit.
515 3723 556 3792 ιτ,
570 3725 595 3778 e.
623 3723 674 3776 nv.
688 3721 783 3777 nauh.
799 3722 893 3792 ls‚1e.
917 3721 1164 3790 naioannsm.
1189 3720 1289 3775 11001.
1304 3722 1345 3790 13,
1360 3721 1384 3776 1.
1408 3719 1492 3776 usur.
1503 3722 1545 3790 1o‚
1555 3722 1598 3776 us.

272 3830 462 3899 1Tim.5‚1s.

361 3937 395 4002 ⁵⁰)
418 3937 449 3990 L.
464 3936 496 3989 12
515 3935 549 3988 D.
568 3933 604 3988 do
621 3932 712 3988 testib.
732 3934 786 4002 (22,
799 3933 836 3997 5).

252 4119 256 4130 Ι
361 4044 395 4108 ⁶¹)
418 4041 480 4096 L.3
498 4057 539 4110 pr.
558 4039 589 4095 O.
607 4039 658 4094 Th.
678 4039 712 4094 da
736 4037 791 4094 fide
813 4038 924 4094 testium
943 4039 1003 4106 (ll,
1015 4039 1067 4105 39)
1085 4057 1118 4085 =
1136 4037 1198 4091 L.9
1217 4043 1232 4102 ξ
1251 4039 1266 4090 1
1286 4036 1316 4091 0.
1334 4037 1402 4091 lust.
1424 4035 1459 4092 ds
1482 4035 1600 4092 testibus

273 4148 318 4218 (4,
334 4148 394 4214 20).

362 4253 395 4320 ⁵¹)
420 4253 451 4306 1..
464 4253 482 4307 3
499 4267 540 4321 pr.
553 4250 584 4306 O.
594 4250 646 4304 Th.
664 4250 696 4304 L.
710 4251 726 4304 9
744 4265 784 4319 pr.
799 4249 828 4305 G.
842 4249 863 4304 1.
877 4248 922 4303 ait.
935 4252 970 4316 (a.
984 4249 1057 4316 334).
1085 4246 1154 4302 hasa
1170 4251 1268 4317 postea
1279 4251 1418 4317 repetunt:
1438 4249 1463 4302 1.
1477 4249 1536 4302 Lex
1547 4249 1600 4303 Ro-

273 4373 355 4413 mana
366 4358 497 4413 canoniae
509 4361 619 4426 compta
637 4371 660 4410 n.
671 4357 732 4411 226.
761 4358 786 4410 2.
806 4355 935 4410 collectio
948 4353 1080 4408 Anselmo
1092 4353 1218 4408 dedicata
1235 4354 1322 4423 pun
1340 4369 1364 4408 o.
1374 4355 1418 4408 39.
1446 4355 1471 4408 3.
1491 4354 1600 4409 Deerat

274 4463 397 4520 Gratiani
415 4465 466 4519 o.3
484 4463 556 4528 §37.
569 4463 604 4516 38
623 4461 653 4516 Ο.
665 4461 703 4517 IV
722 4477 767 4530 qu.
777 4463 802 4516 2.

362 4571 396 4633 ⁶³)
420 4571 479 4624 Lex
498 4568 566 4623 iulia
583 4582 657 4622 mun.
675 4584 702 4621 v.
714 4569 765 4622 113
784 4566 876 4635 (corp.
890 4566 1030 4620 insaniat.
1043 4566 1056 4620 1
1070 4567 1131 4633 122)
1146 4565 1256 4635 ‘queive
1273 4565 1361 4619 ininre
1379 4567 1508 4620 abiuravit
1525 4564 1601 4621 abiu-

273 4676 397 4745 ravsrit',
410 4675 457 4732 ubi
465 4675 651 4729 Mommssnus
662 4679 771 4742 praeter
780 4673 971 4728 nenessitatem
982 4673 1085 4726 ‘bonam
1099 4672 1209 4744 coptam’
1221 4671 1355 4726 adiecisse
1363 4670 1481 4726 videtin.
1505 4671 1601 4726 Isidos.

275 4785 301 4853 6,
314 4784 357 4837 26.
370 4783 405 4836 20
420 4781 565 4836 ‘abiuratio
583 4784 626 4834 est
643 4780 682 4834 rei
700 4779 819 4834 ereditas
838 4778 998 4847 abnegatio?

364 4889 398 4953 Η)
425 4887 455 4940 L.
470 4887 486 4940 6
506 4886 595 4951 541).
615 4885 649 4940 de
668 4884 709 4940 his
728 4885 775 4954 qui
793 4890 849 4940 not.
867 4885 903 4954 (3,
916 4886 953 4952 2).
977 4884 1009 4938 L.
1022 4885 1066 4938 21.
1078 4884 1113 4938 22
1125 4883 1160 4938 D.
1178 4882 1214 4938 de
1230 4882 1294 4938 dolo
1311 4882 1383 4937 malo
1401 4883 1437 4951 (4,
1449 4881 1487 4948 3).
