4142 5817
518 527 591 597 110
724 588 726 594 Α
895 519 1053 572 ADOLFUS
1071 519 1276 574 remulcens
1295 520 1459 573 RUDORFF

513 701 617 762 tamen
645 696 905 783 probaverimus
934 698 1140 766 harbarorum
1168 699 1290 784 legibus
1318 700 1506 768 descendere
1535 720 1628 785 quam
1658 719 1764 766 errore
1789 719 1838 765 re-

512 826 637 908 ceptam
663 820 774 889 videri
821 843 895 890 nam
922 824 1045 891 saeculo
1061 825 1183 928 'quinto
1211 825 1351 912 plurima
1376 826 1542 912 peregrina
1570 826 1641 891 iura
1668 825 1839 911 importata

513 966 581 1014 esse
605 953 789 1030 argumento
813 969 882 1015 esse
904 949 1008 1034 potuit
1030 949 1138 1016 eadem
1162 950 1228 1035 illa,
1252 949 1291 1017 de
1308 969 1371 1034 qua
1394 951 1538 1037 superius
1560 949 1680 1016 dictum
1702 956 1760 1034 est7
1776 948 1839 1015 Va·

511 1071 677 1140 lentiuiani
702 1073 787 1141 tertii
810 1072 862 1140 lex
886 1093 913 1140 a.
930 1073 995 1140 452
1019 1074 1059 1142 de
1081 1074 1252 1161 episcopali
1281 1074 1396 1142 iudicio
1419 1075 1503 1142 data
1542 1095 1623 1160 quae
1650 1094 1720 1142 oum
1743 1095 1839 1162 spon-

512 1197 592 1264 salia
613 1197 723 1264 definit
745 1218 877 1264 munera
899 1218 979 1283 quae
1000 1199 1116 1267 mulier
1133 1199 1203 1286 ‘pro
1226 1197 1355 1287 pudore'
1381 1201 1502 1288 accepit
1524 1199 1561 1283 (ξ
1577 1201 1631 1283 8),
1655 1205 1764 1286 aperte
1787 1219 1838 1266 re·

512 1322 591 1409 cipit
612 1324 772 1390 notionem
787 1321 1026 1408 Germanorum,
1051 1344 1182 1410 quorum
1198 1325 1338 1392 moribus
1360 1345 1425 1392 nou
1446 1345 1527 1390 uxor
1540 1325 1668 1409 marito,
1692 1325 1748 1391 sed
1768 1345 1837 1391 ma-

512 1448 592 1514 ritus
621 1449 713 1515 uxori
741 1447 844 1514 dotem
874 1445 1074 1532 offerebat¹⁶).
1114 1449 1261 1517 similiter
1287 1451 1385 1534 igitur
1406 1455 1439 1517 et
1459 1451 1532 1535 ipsa
1553 1453 1655 1516 status
1676 1449 1838 1516 hominum

512 1569 698 1658 differentia,
722 1592 815 1658 quarn
831 1593 919 1640 more
933 1573 1139 1641 barbarorum
1150 1574 1202 1642 uel
1215 1575 1249 1641 in
1264 1575 1389 1642 iudiciis
1404 1575 1596 1642 considerari
1616 1580 1727 1642 notum
1741 1570 1838 1659 estff),

512 1696 553 1764 ad
575 1697 708 1764 eundern
730 1719 849 1765 morem
872 1698 1022 1767 hocloco
1046 1700 1228 1766 existimata
1250 1721 1319 1768 esse
1341 1701 1475 1768 videtur.
1835 1762 1840 1768 .

600 1822 744 1911 Denique
767 1825 1082 1910 praetermittendum
1104 1845 1168 1892 nou
1191 1831 1249 1908 est,
1277 1824 1359 1911 quod
1382 1827 1487 1912 cupite
1509 1825 1553 1891 25
1574 1825 1628 1892 fol.
1647 1825 1725 1890 199Ι
1746 1842 1839 1911 prue-

511 1947 643 2034 oipitur:
667 1949 721 2033 qui
744 1953 775 2016 et
798 1949 952 2035 aquibus
975 1951 1135 2018 conveniri
1157 1971 1219 2017 non
1242 1951 1374 2037 possint
1408 1970 1482 2017 nam
1505 1950 1551 2017 ibi
1572 1951 1618 2017 ita
1641 1955 1705 2016 est:

642 2070 781 2140 ‘Ucoree
805 2076 855 2141 leo·
876 2098 940 2141 non
962 2079 1041 2142 uiuit
1061 2080 1192 2142 maritos
1213 2079 1354 2143 iniuriae
1374 2076 1437 2142 athi
1456 2077 1567 2143 {Hotoe
1588 2097 1745 2142 comare.
1781 2073 1838 2142 se·-

645 2199 762 2266 me'lc'ter
782 2222 839 2266 nec
851 2200 959 2286 fratri
976 2200 1119 2286 fratrem
1139 2201 1290 2268 oeehmm
1311 2224 1460 2267 accusare
1478 2224 1539 2289 per
1561 2201 1657 2288 leqem
1679 2201 1758 2282 lieet,
1781 2221 1840 2265 nec

643 2347 731 2390 eeruo
747 2328 899 2391 deminuo.
932 2329 999 2392 uehi
1009 2327 1101 2411 sorte
1122 2327 1158 2392 lc·
1171 2324 1384 2393 demonstrare
1403 2340 1535 2414 possunt
1550 2328 1693 2392 dorcinca
1713 2349 1839 2413 purpu-

567 2488 570 2496 ·
644 2473 715 2515 reus
730 2453 834 2538 repleo
852 2451 964 2517 babere
985 2453 1034 2517 vel
1057 2453 1179 2539 lapidee
1197 2454 1365 2540 pretiosor,
1389 2453 1503 2539 quibua
1521 2450 1687 2539 (peccaut)
1702 2452 1839 2517 bonnoni-

643 2574 700 2640 bua
714 2578 764 2642 uti
776 2599 841 2642 uon
857 2576 937 2657 lieet,
961 2579 1017 2644 sed
1038 2577 1100 2643 ooli
1119 2581 1196 2664 rapi.
1232 2589 1403 2644 cetmomm
1418 2589 1521 2642 caum
1534 2599 1640 2642 rerum
1654 2579 1739 2642 certe
1750 2580 1839 2662 inpe-

643 2723 723 2766 nuoe
745 2723 893 2767 accurare
914 2715 1087 2789 nequeant,
1115 2725 1171 2769 neo
1189 2703 1279 2786 filios
1300 2715 1447 2790 parentes
1463 2714 1598 2789 propter
1619 2704 1757 2768 uiolariue
1778 2702 1842 2767 eibi

643 2825 750 2892 illotos
772 2829 807 2892 in
828 2829 880 2892 ica
901 2849 1013 2893 vocare
1036 2828 1087 2894 len
1108 2823 1205 2893 oinit'.

512 2969 572 3035 quo
587 2948 656 3015 loco
670 2950 809 3036 primum
824 2949 902 3018 illud
918 2951 1147 3019 observandum
1165 2955 1222 3036 cst,
1239 2950 1322 3035 quod
1337 2951 1463 3018 nonnisi
1477 2971 1592 3017 uxores
1606 2955 1754 3017 vetantur
1767 2969 1840 3017 oum

514 3073 637 3141 maritis
651 3074 837 3142 iniuriarum
852 3096 955 3162 agere,
972 3097 1044 3144 cum
1060 3077 1161 3144 edicto
1183 3077 1338 3164 praetoris
1353 3077 1488 3143 inuicem
1506 3075 1658 3163 prohibiti
1671 3071 1838 3157 fuerint¹⁸).

514 3197 627 3266 deinde
647 3199 785 3268 notabile
809 3202 962 3288 estquod
985 3201 1024 3269 de
1046 3222 1208 3270 sorvorum
1238 3201 1489 3269 accusationibus
1509 3199 1644 3268 relatum
1667 3205 1725 3268 est.
1763 3219 1839 3267 uam

514 3344 621 3392 seruos
637 3344 656 3392 a
670 3325 867 3392 dominorum
882 3327 1083 3394 accusatione
1095 3326 1208 3415 repelli
1227 3333 1260 3394 et
1278 3327 1437 3396 tralaticio
1452 3322 1560 3408 iure¹’)
1577 3331 1610 3392 et
1623 3325 1754 3392 Arcadii
1769 3321 1841 3408 loge

514 3467 543 3515 a.
556 3449 619 3514 397
643 3445 759 3528 data¹⁰t
781 3453 1011 3539 praescriptum
1035 3457 1112 3519 erat.
1148 3453 1295 3538 quoniam
1318 3458 1424 3519 tamen
1446 3452 1623 3518 maiestatis
1642 3451 1762 3518 crimen
1784 3471 1840 3517 ex·

514 3579 639 3661 ceptum
655 3575 828 3660 antiquitus
842 3573 995 3661 fuerat²¹t‚
1012 3582 1257 3644 consentaneum
1271 3577 1437 3646 videbatur
1451 3576 1599 3663 scriptori
1618 3577 1674 3662 qui
1686 3575 1839 3659 libellum,

515 3718 575 3785 quo
597 3698 636 3767 dc
650 3701 772 3784 agimus
793 3702 979 3788 composuit,
995 3702 1029 3768 in
1044 3721 1127 3769 nova
1141 3703 1236 3770 etlam
1250 3701 1321 3788 lege
1336 3703 1377 3769 ad
1391 3708 1536 3771 ornatum
1551 3701 1752 3788 imperatoris
1767 3720 1840 3788 spe-

514 3827 619 3891 ctante
634 3823 770 3892 aLeone
786 3825 894 3892 addita
908 3846 1070 3894 servorum
1090 3828 1209 3894 iudicia
1222 3825 1418 3895 admittenda
1439 3847 1517 3894 esse.
1541 3847 1604 3912 qua
1621 3825 1692 3910 lego
1711 3825 1839 3891 iustitu-
1954 3870 1958 3876 -

513 3953 581 4014 tum
597 3953 675 4034 erat,
696 3955 733 4016 ut
746 3949 825 4016 nulli
840 3951 964 4038 priuato
982 3951 1093 4019 liceret
1111 3953 1257 4020 infrenis
1273 3957 1305 4020 et
1318 3953 1515 4039 equestribus
1530 3951 1617 4019 sellis
1632 3950 1711 4018 etin
1725 3949 1840 4017 balteis

512 4074 701 4159 margaritas
725 4080 758 4144 et
784 4075 967 4160 smaragdos
989 4083 1022 4146 et
1044 4077 1228 4165 hyacinthos
1251 4083 1377 4166 aptare,
1405 4078 1464 4146 scd
1485 4097 1524 4146 ea
1545 4081 1731 4146 ornamenta
1751 4075 1841 4159 regia

604 4215 636 4282 ¹⁸)
659 4213 747 4270 Tacit.
766 4214 858 4272 Germ.
877 4217 920 4272 18.

602 4321 635 4389 ιτ)
661 4319 770 4391 Speculi
788 4320 888 4378 Saron.
906 4321 985 4378 lih.I.
1004 4323 1099 4380 urthl
1119 4323 1165 4389 §4
1182 4329 1211 4380 et
1227 4324 1249 4395 Ι,
1262 4325 1297 4380 69
1315 4327 1331 4390 5
1344 4325 1370 4379 1.
1392 4323 1428 4396 ΙΙ,
1441 4324 1476 4380 ’12
1494 4325 1548 4390 §2-
1572 4323 1620 4393 ΙΙΙ,
1633 4323 1668 4378 29
1686 4324 1740 4389 51.

603 4429 636 4495 ²⁸)
660 4425 720 4484 Gai.
738 4429 770 4484 L.
783 4429 801 4484 2
812 4428 847 4484 Ι).
866 4443 918 4485 rer.
931 4445 984 4484 am.
1003 4429 1047 4501 25,
1059 4431 1098 4498 2).
1120 4431 1152 4486 L.
1163 4431 1198 4487 14
1216 4430 1308 4497 511).
1327 4429 1363 4487 de
1380 4432 1430 4487 sol.
1448 4434 1529 4487 matr.
1547 4431 1602 4502 (24,
1615 4431 1653 4497 3).

602 4535 635 4602 ¹⁹)
658 4533 719 4590 1..1
738 4539 753 4600 5
765 4536 782 4590 8
795 4535 829 4590 Ι).
849 4535 884 4591 de
902 4537 948 4592 off.
966 4533 1052 4607 praes.
1070 4533 1132 4592 mhi
1149 4538 1254 4608 (1,12).

601 4639 634 4707 ⁸⁰)
657 4641 689 4695 L.
702 4641 719 4695 3
738 4641 768 4698 (Ι.
788 4641 840 4697 Th.
861 4656 897 4697 ue
919 4647 1028 4714 praeter
1051 4644 1126 4698 crim.
1145 4643 1208 4699 mai.
1226 4645 1269 4714 (9,
1281 4645 1325 4711 6).
1352 4643 1384 4699 L.
1397 4645 1433 4699 29
1450 4643 1481 4698 0.
1499 4643 1548 4712 qui
1571 4657 1629 4697 ace.
1646 4657 1702 4699 nou
1723 4647 1841 4713 possum

513 4745 599 4816 (9,1).
622 4745 770 4802 Decretum
783 4745 907 4804 Gratiani
925 4748 978 4805 cl
995 4748 1026 4805 (Ι.
1035 4749 1076 4805 ΙΙΙ
1093 4765 1139 4820 qu.
1147 4751 1190 4806 11.
1216 4750 1310 4806 lvonis
1322 4748 1498 4807 (immolensis
1518 4749 1599 4806 Decr.
1609 4748 1684 4820 XVI,
1694 4749 1737 4806 61.
1754 4747 1838 4804 ΒιιίΙ

512 4851 1166 4927 excola.Son01.a.1.(Tom.vl1p.oea).
1517 4863 1527 4881 ⁹

602 4959 636 5028 ¹¹)
659 4959 716 5016 m
735 4964 751 5027 ὅ
764 4962 781 5016 2
793 4961 827 5018 D.
846 4961 882 5018 ad
899 4962 988 5032 legem
1007 4962 1057 5018 Iul.
1070 4962 1134 5018 mai.
1153 4963 1208 5033 (48,
1220 4963 1260 5032 4).
1281 4963 1341 5019 L.3
1359 4961 1389 5018 0.
1402 4962 1454 5019 Th.
1472 4963 1520 5018 cit
