4142 5817
507 499 556 569 94
964 490 1174 543 unnononus
1192 489 1376 551 uomicam

503 667 594 736 civile
617 669 751 755 posteris
773 669 948 735 innotuisse
970 689 1028 755 per
1044 668 1080 746 Q.
1097 667 1246 752 Mucium,
1270 668 1354 753 apud
1376 667 1460 733 hunc
1482 671 1588 734 autem
1611 668 1694 734 sexti
1715 665 1832 734 saeculi

503 793 582 858 iuris
605 791 775 858 conditoris
798 791 870 859 Sor.
887 792 971 859 Aelii
994 812 1088 879 saepe
1110 793 1303 859 mentionem
1325 792 1442 858 factam
1466 811 1550 874 esso,
1576 797 1642 857 tres
1664 811 1738 859 vero
1760 791 1832 856 illos

504 921 647 984 auctores
670 915 787 985 sacculi
809 916 937 1002 septimi
959 916 1139 1002 incipientis
1162 917 1281 1003 primas
1304 920 1411 1002 partes
1434 916 1573 983 tenuisse
1594 921 1758 1002 perpetuo.
1796 914 1831 981 In

389 1123 395 1143 1
504 1060 628 1107 summa
649 1041 727 1107 iuris
750 1045 893 1107 auctores
917 1042 970 1125 qui
987 1046 1158 1127 supersunt
1172 1061 1253 1126 qnae
1269 1039 1405 1107 afferunt
1419 1040 1457 1106 de
1473 1038 1545 1106 Sex.
1562 1039 1653 1106 Aelio
1669 1045 1701 1106 et
1714 1038 1749 1105 Ρ.
1762 1037 1831 1106 Mu·

503 1165 551 1230 cio
573 1169 606 1230 et
624 1162 677 1229 M'.
690 1162 820 1231 Manilio
842 1170 875 1231 et
889 1163 931 1230 M.
944 1164 1043 1230 Bruto
1066 1165 1294 1249 similibusque,
1317 1185 1357 1232 ea
1376 1163 1618 1258 proficiscuntur
1633 1182 1673 1230 ex
1688 1163 1724 1241 Q.
1735 1163 1832 1230 Mucii

503 1288 745 1355 commentariis.
781 1287 842 1355 Hic
864 1289 933 1374 ipso
956 1309 1037 1374 quae
1059 1287 1217 1356 referebat
1237 1289 1276 1356 dc
1292 1289 1432 1376 priorum
1449 1287 1649 1374 opinionibus
1664 1293 1696 1354 ct
1711 1287 1833 1354 disson·

502 1410 643 1478 sionibus
659 1418 812 1497 quatenus
828 1433 868 1479 ex
883 1411 972 1478 libris
988 1432 1096 1479 eorum
1112 1413 1270 1498 petiverit,
1294 1433 1372 1498 quos
1388 1418 1420 1478 et
1434 1412 1576 1479 extitisse
1598 1417 1631 1479 et
1645 1432 1666 1478 a
1679 1411 1715 1490 Q.
1728 1409 1832 1478 Mucio

502 1534 660 1603 lectitatcs
678 1507 752 1602 'csse
774 1541 897 1603 constat
918 1537 967 1616 (cf.
986 1536 1095 1602 Cicero
1111 1537 1150 1603 de
1165 1543 1243 1604 orat.
1262 1538 1293 1620 2,
1312 1537 1366 1621 55,
1383 1538 1473 1619 224),
1497 1542 1651 1621 quatenus
1674 1524 1714 1602 ex
1737 1535 1832 1602 disci-

503 1659 590 1744 plina
612 1663 863 1746 praeceptorum,
885 1660 986 1745 patris
1008 1661 1156 1745 maxime,
1180 1667 1214 1728 et
1228 1683 1266 1728 cx
1283 1661 1550 1747 disputationibus
1572 1661 1634 1726 fori
1655 1658 1831 1741 tralaticiis,

498 1782 595 1850 bodie
617 1805 709 1850 nemo
733 1784 875 1866 definict3
898 1783 1062 1871 probabile
1084 1790 1191 1852 tamon
1210 1791 1259 1852 est
1273 1784 1494 1852 controversiis
1509 1785 1573 1850 illis
1593 1805 1695 1871 neque
1717 1784 1752 1850 in
1774 1784 1832 1850 tri·

502 1908 620 1993 pertita
643 1906 715 1975 Sex.
732 1908 816 1975 Aelii
845 1928 946 1993 neque
974 1910 1006 1974 in
1030 1908 1212 1976 Manilianis
1235 1909 1410 1976 actionibus
1439 1909 1543 1976 locum
1566 1910 1674 1976 datum
1704 1929 1773 1975 csso
1800 1913 1833 1974 et

502 2030 668 2117 plerasque
697 2032 754 2100 has
782 2033 924 2119 priorum
954 2034 1118 2119 opiniones
1148 2032 1331 2100 Scaevolam
1360 2054 1424 2101 non
1453 2035 1644 2120 comperisse
1672 2054 1713 2100 cx
1741 2032 1832 2098 libris

502 2157 639 2243 scriptis.
674 2155 767 2223 Certo
782 2157 836 2223 vix
851 2159 973 2223 ratione
989 2158 1119 2242 faciunt,
1142 2158 1197 2242 qui
1219 2163 1350 2244 propter
1365 2156 1519 2224 eiusmodi
1533 2157 1716 2225 testimonia
1731 2157 1831 2242 ipsius

501 2278 537 2346 Ρ.
554 2279 743 2346 Coruncanii
771 2281 928 2365 quivixit
956 2286 1028 2347 ante
1052 2280 1263 2348 Hannibalem
1289 2281 1441 2348 librorum
1464 2282 1614 2366 reliquias
1637 2281 1831 2348 mirabundis

502 2403 592 2470 nobis
616 2409 805 2492 proponunt.
823 2441 864 2451 -
882 2406 952 2492 lpse
969 2405 1035 2472 Ser.
1053 2405 1223 2493 Sulpicius,
1246 2411 1282 2472 ut
1304 2405 1431 2472 redeam
1455 2406 1496 2471 ad
1510 2404 1604 2472 Gellii
1617 2405 1721 2473 locum
1738 2424 1831 2491 quem

501 2533 689 2613 tractamus,
721 2528 793 2596 Sex.
810 2529 894 2595 Aelii
922 2529 961 2596 de
988 2530 1081 2596 thure
1109 2535 1142 2597 ct
1169 2531 1268 2596 ocreis
1296 2549 1482 2616 responsum
1510 2550 1586 2596 num
1616 2529 1765 2616 petiverit
1791 2551 1831 2595 er

501 2651 615 2718 iisdem
637 2652 807 2720 Scaevolae
832 2652 939 2738 libris,
968 2658 1074 2740 potest
1099 2653 1132 2720 in
1156 2654 1381 2721 dubitationem
1405 2655 1528 2738 vocari,
1558 2659 1727 2740 propterea
1748 2653 1832 2738 quod

503 2775 632 2861 Gellius,
657 2778 711 2861 qui
734 2781 766 2844 et
789 2775 970 2872 Scaevolam
995 2774 1099 2859 citat¹)
1123 2783 1156 2845 et
1174 2778 1276 2845 Servii
1299 2778 1332 2844 in
1356 2798 1427 2844 eum
1450 2783 1553 2862 notas,
1577 2799 1617 2845 ex
1641 2776 1750 2844 Servio
1772 2778 1832 2843 hoc

503 2899 609 2986 affert,
636 2921 699 2966 non
723 2922 762 2968 cx
786 2901 945 2968 Scaevola.
985 2901 1030 2968 At
1052 2903 1131 2968 nihil
1153 2903 1303 2988 impedit,
1333 2903 1499 2988 quominus
1523 2900 1643 2968 Gellius
1666 2902 1698 2967 id
1720 2900 1833 2984 legarit

503 3026 587 3111 apud
610 3031 787 3111 utrumque,
811 3027 866 3092 sed
882 3045 950 3092 cum
968 3026 1097 3092 Servius
1113 3027 1293 3112 opinionem
1309 3026 1381 3093 Sex.
1398 3026 1470 3092 Cati
1491 3027 1553 3092 sibi
1575 3026 1743 3112 probatam
1763 3045 1831 3092 ma·

469 3229 470 3233 ¹
502 3149 550 3232 gis
574 3150 833 3235 commendasset,
856 3151 985 3217 huiusce
1008 3150 1199 3217 laudationis
1219 3151 1325 3236 potius
1341 3171 1434 3236 quam
1450 3150 1652 3236 simplicioris
1666 3149 1832 3217 Mucianae

501 3292 623 3339 memor
644 3274 747 3340 fucrit

590 3395 723 3464 Mendac
744 3381 945 3465 librariorum
973 3399 1114 3483 reliquae
1142 3400 1174 3464 in
1203 3399 1243 3464 iis
1267 3419 1347 3484 quac
1370 3416 1467 3484 supra
1489 3397 1654 3464 attulimus
1676 3397 1831 3464 tolluntur

502 3520 567 3586 iere
590 3521 658 3588 sola
679 3523 843 3606 utriusque
871 3522 1033 3589 relationis
1062 3524 1306 3609 comparatione.
1348 3523 1432 3588 Nam
1448 3520 1561 3606 ‘signa’
1587 3521 1671 3608 apud
1694 3519 1832 3588 Gellium

502 3644 654 3730 scriptum
689 3666 758 3713 esse
791 3667 849 3732 pro
884 3647 979 3730 lignis
1012 3645 1236 3714 intellexerunt
1270 3647 1334 3713 iam
1369 3646 1505 3713 editores
1535 3645 1666 3730 antiqui.
1713 3645 1831 3712 Contra

496 3765 608 3834 ‘coras’
633 3769 761 3856 Ulpiani
778 3766 915 3837 ‘cereos'
941 3790 1009 3837 esse
1032 3769 1160 3854 dobere,
1191 3770 1275 3855 quod
1299 3770 1405 3856 paullo
1434 3775 1508 3857 post
1535 3771 1569 3836 in
1592 3769 1723 3854 digestis
1744 3775 1831 3836 recte

502 3891 655 3978 scriptum
678 3900 726 3961 est
748 3899 937 3980 servantque
959 3894 1035 3960 item
1058 3894 1132 3960 libri
1147 3893 1293 3977 Gelliani,
1316 3895 1438 3961 monuit
1460 3894 1581 3980 primus
1603 3895 1716 3979 opinor
1738 3892 1830 3976 Hugo

503 4015 647 4100 Grotius3
663 4037 851 4104 quamquam
868 4016 989 4085 Graeca
1004 4017 1072 4084 eius
1093 4017 1155 4084 loci
1169 4018 1272 4086 versio
1288 4023 1413 4085 servata
1426 4018 1460 4084 in
1477 4017 1613 4104 Synopsi
1622 4017 1830 4085 Basilicarum

501 4141 547 4208 ite
570 4146 737 4229 concepta:
761 4137 779 4208 d
802 4141 883 4229 πρὸς
905 4141 960 4230 τὴν
982 4145 1092 4228 χρῆσιν
1114 4141 1170 4229 τὴν
1191 4142 1335 4229 clamella
1357 4143 1451 4229 κηρός
1478 4141 1618 4208 declarat
1639 4143 1722 4208 hanc
1742 4161 1831 4208 men·

502 4265 575 4331 dam
598 4286 637 4333 ax
660 4287 790 4333 numero
814 4287 882 4334 esse
906 4266 1119 4352 antiquiorum
1141 4266 1316 4334 Iustiniano
1345 4267 1518 4352 profectam
1547 4286 1586 4333 ex
1608 4267 1679 4352 ipso
1701 4265 1830 4353 Ulpiani

592 4479 612 4544 ¹)
636 4477 731 4532 Posuit
747 4475 858 4545 quidam
870 4476 998 4531 Hertaius
1016 4479 1054 4546 (p.
1064 4479 1092 4543 9)
1111 4475 1261 4532 Scaevolae
1279 4482 1307 4532 et
1319 4474 1624 4545 Serviidisputstioncs
1642 4477 1743 4531 relatas
1756 4473 1832 4545 apud

502 4581 618 4637 Gellium
636 4597 782 4637 varocum
801 4582 950 4650 sumpsisse
971 4597 1005 4636 ex
1025 4581 1119 4638 Sabini
1137 4583 1354 4653 commentariis,
1373 4582 1422 4637 sed
1439 4598 1537 4651 pamm
1554 4579 1744 4652 probabiliter,
1766 4597 1831 4636 nam

501 4691 533 4743 ut
551 4686 657 4742 mittam
674 4686 760 4743 verba
778 4686 882 4742 directa
899 4688 1014 4757 aliaque,
1032 4693 1090 4744 tres
1107 4688 1169 4744 lrlrri
1186 4689 1253 4744 iuris
1271 4687 1359 4744 civilis
1371 4686 1465 4743 Sabini
1476 4687 1638 4743 brevissime
1650 4688 1745 4758 scripti
1756 4687 1831 4742 nullo

501 4791 584 4848 modo
602 4793 791 4864 duodeviginti
809 4791 958 4850 Scaevolae
977 4791 1121 4864 Serviique
1138 4793 1166 4850 in
1184 4809 1233 4850 eos
1250 4798 1331 4851 notas
1353 4794 1394 4849 ita
1410 4808 1510 4864 capere
1532 4798 1694 4864 potuerunt,
1716 4800 1749 4849 ut
1765 4793 1832 4848 talia

500 4897 565 4955 inde
582 4893 730 4970 excerpere
747 4901 850 4958 liceret
