4142 5817
691 560 738 612 nn
759 559 883 612 carrus.
900 559 972 612 nuo
992 559 1177 612 naumann.
1548 570 1594 640 91

270 740 364 829 paulo
392 744 466 827 post
495 737 528 818 (l.
547 739 567 804 3
588 735 644 822 §6
666 737 696 803 h.
713 737 749 820 t.)
779 736 868 804 affert
896 737 1050 823 Ulpianus
1084 738 1250 824 disputans
1280 738 1320 806 de
1349 737 1471 805 familia
1504 759 1598 825 quam

271 863 520 952 paterfamilias
543 863 627 928 circa
649 882 683 929 se
706 867 737 928 et
760 881 833 928 suos
849 861 978 928 habeat:
997 862 1089 947 ‘quos
1105 860 1140 940 Q.
1156 861 1278 928 Mucius
1302 861 1347 928 sic
1362 861 1540 948 definiebat,
1563 870 1600 930 ιιι

265 989 385 1056 ‘eorum
401 987 520 1054 cibaria
535 987 687 1053 contineri
704 991 803 1072 putet,
826 987 879 1071 qui
896 1005 974 1073 opus
990 1006 1054 1052 uon
1068 981 1230 1069 facerent',
1253 985 1346 1052 buius
1361 986 1485 1053 articuli
1507 989 1599 1054 resti·

270 1113 349 1181 tutio
372 1113 419 1178 ita
442 1109 590 1197 expedita
613 1114 676 1194 est,
705 1114 741 1175 ut
767 1110 829 1176 nisi
857 1111 1080 1194 granmradco,
1108 1114 1193 1177 certe
1221 1110 1370 1195 prudenti
1390 1110 1483 1177 facile
1506 1113 1599 1178 satis-

271 1237 377 1303 facias.
418 1236 467 1302 lta
488 1235 572 1301 cuim
595 1234 794 1301 scribendum
818 1239 865 1300 est
893 1235 959 1301 fere
988 1239 1023 1300 ut
1046 1233 1175 1320 scripsit
1196 1232 1360 1299 Hertzius:
1379 1233 1477 1319 ‘quod
1497 1236 1599 1322 ipsius

266 1360 378 1448 ‘patris
400 1358 537 1425 familias
553 1355 630 1443 ¹[aut
645 1359 756 1425 matris
771 1356 919 1443 familias]
937 1363 993 1424 aut
1006 1357 1139 1424 liberum
1155 1357 1407 1443 patrisfamilias
1426 1356 1493 1442 [aut
1507 1359 1599 1426 farni-

265 1482 353 1569 ‘liae]
380 1483 462 1567 eius,
491 1479 599 1569 qna[e]
625 1481 742 1548 circum
771 1501 824 1548 cos
853 1487 908 1548 aut
935 1480 1051 1548 liberos
1080 1482 1146 1548 eius
1175 1487 1224 1549 est
1251 1485 1283 1548 et
1311 1453 1390 1568 opus
1413 1502 1475 1549 non
1499 1481 1598 1550 facit'.

273 1607 400 1674 Scilicet
414 1607 464 1672 vel
479 1607 610 1692 pluralis
621 1602 697 1672 ‘cos’
715 1605 849 1691 requirit
862 1609 898 1670 ut
912 1611 1014 1671 mater
1029 1605 1166 1672 familias
1181 1606 1348 1672 inseratur.
1372 1605 1479 1673 Liberi
1493 1612 1599 1674 autem

267 1728 357 1799 ‘eius'
382 1731 518 1817 scripsit,
542 1749 606 1796 non
622 1727 767 1813 ‘eorum',
791 1730 940 1813 quoniam
962 1707 1268 1815 comprehendantur
1289 1749 1417 1797 necesse
1439 1731 1601 1798 estliberi

273 1876 313 1922 ιι
341 1854 405 1921 alia
433 1875 531 1920 uxore
560 1854 711 1940 suscepti,
747 1853 823 1918 item
854 1853 1062 1921 excludantur
1091 1873 1169 1938 quos
1197 1859 1298 1919 mater
1326 1854 1435 1937 genuit
1464 1875 1505 1920 ιι
1538 1855 1600 1921 alio

273 1984 380 2066 patre3
410 1977 493 2044 unde
520 1984 613 2044 antea
635 1977 751 2043 diserte
774 1976 889 2044 adiecit
909 1977 1018 2043 liberis
1041 1979 1221 2060 genetivum
1238 1976 1351 2064 ‘patris
1372 1975 1533 2045 familias'.
1558 2014 1599 2024 —

272 2101 426 2168 Extrema
447 2107 531 2169 recte
554 2122 588 2168 ιι
610 2101 726 2168 habeut
749 2101 783 2167 in
805 2100 911 2183 libris,
942 2101 1005 2166 nisi
1027 2102 1110 2185 quod
1127 2098 1200 2168 ‘est'
1223 2100 1410 2168 vocabulum
1432 2101 1601 2170 delendum

274 2225 431 2310 existimo,
454 2246 523 2292 cum
548 2227 669 2313 priores
691 2229 815 2290 mutent
836 2223 901 2290 fera
921 2225 954 2290 in
965 2223 1067 2310 ‘siut',
1089 2225 1238 2293 Hertziua
1253 2227 1358 2292 nescio
1374 2246 1437 2312 qua
1452 2227 1491 2293 de
1505 2247 1602 2293 causa

274 2350 366 2418 edere
393 2349 541 2417 maluerit
557 2349 625 2416 ‘sed
725 2348 892 2433 habeatur,
923 2368 1023 2434 penus
1054 2349 1138 2416 dicta
1167 2345 1237 2416 est’.
1275 2349 1342 2416 lam
1371 2351 1469 2433 igitur
1499 2354 1601 2417 totum

273 2479 369 2561 caput
392 2473 568 2541 adscribam
591 2473 752 2559 expletum
775 2478 807 2539 ιι
829 2478 1055 2560 expurgatum:

406 2633 442 2711 Q.
460 2631 643 2699 Scaevolam
667 2633 707 2698 ad
731 2630 1007 2699 demonstrandam
1023 2629 1169 2718 penu[m]
1189 2631 1240 2699 his
1255 2631 1359 2698 verbis
1381 2652 1474 2699 usum
1497 2633 1600 2700 audio.

402 2756 517 2824 ‘Penus
541 2753 612 2841 est’,
640 2755 757 2841 inquit,
774 2755 872 2840 ‘quod
894 2756 1090 2823 esculentum
1114 2761 1169 2823 aut
1191 2755 1409 2842 posculentum
1432 2762 1495 2841 est,
1519 2757 1603 2842 quod

401 2881 514 2967 ‘ipsius
530 2881 631 2968 patris
646 2878 783 2946 familias
801 2876 869 2962 [aut
884 2881 995 2947 matris
1010 2877 1161 2965 familias]
1178 2887 1233 2947 aut
1246 2879 1381 2947 libemm
1396 2881 1496 2967 patris
1510 2880 1603 2947 fami·

402 3003 474 3070 ‘lias
499 3001 567 3088 [aut
581 3001 732 3088 familiae]
757 3004 834 3088 eius,
858 3001 966 3088 qua[a]
988 3006 1105 3072 circum
1129 3025 1182 3071 eos
1206 3009 1260 3071 aut
1280 3004 1396 3071 liberos
1411 3006 1478 3071 eius
1501 3011 1550 3071 cst
1571 3010 1604 3072 et

396 3127 494 3214 “opus
516 3148 580 3195 non
605 3129 697 3212 facit,
720 3147 816 3194 causa
837 3134 983 3214 paratum
1006 3125 1079 3195 est’.
1117 3126 1194 3212 [Sed
1215 3128 1412 3214 improbasse
1433 3129 1511 3196 haec
1533 3128 1600 3196 Ser.

410 3251 595 3340 Sulpicium,
620 3254 688 3337 quir
707 3253 764 3319 ‘At
779 3273 842 3318 uon
858 3249 974 3337 omne’,
998 3253 1112 3338 inquit,
1129 3251 1227 3338 ‘quod
1244 3272 1315 3319 esus
1336 3259 1492 3340 potusque
1507 3273 1603 3322 causa

402 3375 561 3464 ‘paratum
585 3374 656 3461 est]
680 3383 716 3444 ut
738 3375 860 3443 Mucius
883 3377 942 3460 ait,
972 3397 1072 3463 penus
1095 3376 1195 3443 videri
1218 3377 1318 3444 debet
1354 3377 1539 3464 Numquae
1562 3378 1602 3446 ad

403 3500 571 3568 ‘edendum
594 3501 825 3585 bibendumque
851 3499 886 3566 in
909 3501 976 3566 dies
1004 3499 1145 3584 singulos
1167 3500 1292 3585 prandii
1315 3505 1369 3566 aut
1390 3520 1486 3568 cenae
1507 3521 1603 3568 causa

403 3619 585 3710 parantur,
609 3643 708 3711 penus
737 3645 801 3690 non
829 3628 917 3708 sunt,
941 3623 997 3690 sed
1019 3643 1058 3690 ea
1080 3623 1200 3710 potius,
1224 3643 1305 3707 quae
1328 3623 1457 3692 huiusce
1479 3625 1603 3707 generis

403 3747 529 3831 ‘longae
550 3749 670 3815 usionis
692 3749 796 3832 gratia
818 3748 1045 3814 contrahuntur
1068 3752 1101 3814 et
1122 3746 1349 3832 reconduntur,
1380 3769 1420 3815 ιι
1442 3769 1495 3833 eo,
1519 3749 1602 3833 quod

404 3873 479 3939 ‘non
501 3873 536 3938 in
558 3877 724 3958 promptu,
754 3869 834 3957 [sed]
858 3872 944 3938 intus
966 3877 999 3939 ιι
1020 3873 1147 3958 penitus
1173 3871 1363 3955 habeantur,
1391 3893 1491 3959 penus
1519 3873 1603 3940 dicta

404 3993 514 4063 ‘sunt'.

365 4153 465 4222 Addit
486 4153 606 4222 Gellius
629 4154 692 4222 alia
714 4154 868 4240 quaedam
892 4154 930 4220 ab
953 4154 1030 4220 iuris
1054 4154 1234 4221 auctoribus
1260 4154 1299 4221 da
1322 4173 1439 4240 penore
1461 4153 1603 4220 auimad·
1698 4221 1702 4227 ,

277 4299 383 4364 versa,
412 4297 492 4364 quae
514 4281 638 4365 etipsa
662 4299 681 4346 a
707 4279 798 4346 nobis
825 4277 1104 4362 examinabuntur,
1132 4298 1204 4347 cum
1232 4277 1365 4362 singulis
1393 4278 1605 4363 respondeant

277 4402 382 4490 capita
404 4402 606 4486 digestorum.

279 4646 364 4702 addit
391 4647 518 4702 Ceterum
537 4647 561 4702 ai
573 4647 626 4702 boc
637 4647 724 4702 voluit
741 4647 893 4702 Favorinus
911 4645 1039 4715 glandem
1057 4661 1159 4715 penore
1176 4645 1381 4716 comprehendi,
1407 4647 1522 4718 emavit3
1540 4663 1603 4702 nam

279 4753 402 4839 iumenta
418 4768 473 4809 non
491 4757 640 4808 vescuntur
656 4751 811 4822 glandibus.
842 4750 896 4806 Sed
915 4749 973 4806 lieri
987 4757 1088 4822 potest,
1105 4755 1138 4806 ut
1148 4767 1257 4808 eorunm
1268 4751 1305 4807 'ct
1315 4752 1402 4822 glans·
1414 4752 1550 4807 adiectum
1569 4752 1606 4808 sit

281 4857 315 4914 ab
334 4858 537 4928 interpolatore,
555 4874 617 4914 cum
635 4859 795 4929 praesertim
813 4857 874 4912 libri
890 4871 986 4914 omnes
1004 4859 1079 4926 (nam
1098 4857 1133 4912 de
1150 4859 1326 4928 palimpsesto
1340 4873 1396 4914 non
1406 4858 1474 4914 satia
1486 4861 1604 4926 constat)

280 4963 326 5019 bic
337 4963 457 5019 babeant
466 4963 503 5020 ἰι
512 4963 657 5036 glandem,
675 4963 749 5034 quod
766 4979 817 5020 noc
828 4961 892 5020 farri
903 4967 996 5034 potest
1007 4979 1059 5020 nec
1070 4963 1214 5020 commoda
1226 4966 1348 5019 mutatur
1358 4963 1386 5019 in
1398 4962 1604 5020 nominativum.
