4142 5817
512 483 585 554 104
890 471 1048 524 snonrns
1066 452 1270 524 rnmnsicns
1289 471 1451 524 esposse

508 653 693 720 iudiciorum
708 650 818 718 formis
830 671 953 717 morum
967 653 1060 718 etism
1076 650 1344 737 humanitatisque
1354 650 1487 718 historia
1497 650 1688 718 illustretur:
1705 671 1746 717 un
1756 623 1829 717 vero

508 777 659 845 orationis
690 781 722 842 et
750 777 1007 863 perspicuitatem
1036 783 1068 844 et
1101 776 1361 859 concinnitatem,
1390 796 1464 843 nam
1493 782 1626 860 utroque
1651 777 1686 842 in
1718 796 1831 860 genere

507 902 625 970 videris
647 901 725 968 mihi
742 899 882 986 Savignii
905 901 1005 968 nostri
1020 902 1173 968 virtutum
1195 901 1286 986 quasi
1301 901 1436 986 quodem
1458 901 1648 968 hereditario
1671 901 1740 967 iure
1760 921 1831 968 snc-

507 1049 612 1096 cessor
636 1027 803 1094 exstitisse.
842 1026 920 1092 illud
949 1033 1072 1111 tamen,
1101 1033 1138 1092 ut
1165 1027 1318 1110 defungar
1340 1026 1451 1110 verbo,
1480 1031 1565 1093 certo
1592 1025 1671 1092 mibi
1692 1030 1830 1092 constet:

507 1174 569 1220 uno
586 1153 639 1219 TE
663 1171 813 1236 aggressu
829 1150 891 1217 tria
907 1171 1121 1238 expugnasse:
1146 1150 1207 1217 arti
1229 1150 1434 1237 provinciam,
1457 1150 1539 1218 TlBl
1554 1152 1751 1236 memoriam,
1773 1171 1830 1238 po·

508 1279 601 1346 steris
624 1275 813 1363 exemplum.

597 1385 659 1470 S'ed
682 1421 743 1485 me,
767 1420 828 1486 quo
851 1401 951 1484 magis
974 1421 1141 1467 munerum
1163 1400 1377 1486 honorumque
1394 1399 1565 1468 TUORUbl
1588 1401 1698 1487 quinta
1719 1400 1831 1467 decen·

506 1527 593 1594 nelia
607 1525 711 1593 oblato
728 1524 832 1609 aliquo
848 1525 1120 1611 quantulocunque
1134 1525 1319 1592 munusculo
1334 1525 1552 1593 concelebrare
1566 1545 1724 1612 cuperem,
1740 1545 1832 1612 prae·

507 1657 555 1720 ter
578 1670 785 1733 communem,
809 1649 847 1716 de
870 1670 932 1734 qua
948 1649 1025 1734 dixi,
1049 1649 1215 1734 laetitiam,
1238 1651 1369 1738 propria
1390 1651 1544 1735 quaedam
1568 1649 1739 1735 eademque
1760 1669 1832 1732 gra-

507 1777 630 1844 tissima
645 1774 788 1842 incitavit
802 1773 987 1840 recordatio.
1023 1794 1098 1842 nam
1114 1775 1193 1841 mibi
1209 1777 1323 1860 evenit,
1346 1780 1383 1842 ut
1403 1775 1513 1862 paucis
1536 1780 1609 1861 post
1628 1774 1733 1841 studia
1747 1773 1832 1840 TUA

507 1900 687 1968 academica
709 1899 852 1967 absolute
874 1900 965 1966 annis
988 1900 1194 1986 interpositis,
1217 1901 1300 1967 inter
1316 1901 1438 1987 priores
1455 1899 1560 1967 TUOS
1577 1899 1736 1966 auditores
1751 1899 1832 1965 iudi·

507 2024 597 2093 clarii
620 2025 738 2091 ordinis
760 2023 970 2108 cognitionem
994 2030 1026 2090 et
1048 2025 1296 2108 fragmentorum
1317 2025 1397 2092 iuris
1411 2024 1544 2092 Romani
1566 2025 1736 2090 novissime
1758 2028 1832 2090 tunc

507 2151 541 2216 in
570 2149 759 2216 bibliotheca
778 2147 932 2215 Vaticana
959 2153 1157 2235 repertorum
1186 2150 1478 2236 interpretationem
1506 2150 1584 2236 ipsis
1606 2147 1700 2216 tols
1729 2148 1831 2215 verbis

507 2274 711 2361 perciperem.
746 2293 804 2340 nec
825 2277 949 2340 tantum
972 2274 1152 2341 institutum
1170 2273 1254 2340 TUA
1277 2274 1444 2361 disciplina
1465 2294 1517 2341 me
1539 2294 1608 2341 esse
1630 2273 1756 2358 glorior,
1779 2293 1832 2340 ve·

507 2419 577 2466 rnm
594 2399 700 2483 etiam,
719 2417 789 2465 cum
804 2418 867 2465 non
882 2397 982 2465 multo
1000 2406 1075 2486 post
1091 2399 1140 2465 ius
1155 2399 1248 2466 civile
1262 2400 1374 2466 docere
1389 2399 1528 2466 animum
1542 2400 1612 2486 ipse
1626 2399 1831 2482 induxissem,

509 2522 590 2590 TUO
618 2523 746 2589 hortatu
773 2523 868 2590 ductu
897 2523 1041 2610 exemplo
1075 2523 1294 2591 liberalissime
1324 2524 1512 2592 instructum
1547 2525 1645 2591 fuisse
1672 2543 1832 2609 nunquam

509 2647 634 2716 excidet
655 2649 815 2715 memoria.
855 2649 930 2734 quin
953 2649 1047 2715 hodie
1069 2650 1176 2731 etiam,
1201 2655 1274 2736 post
1301 2654 1424 2715 tantum
1448 2649 1560 2716 aetatis
1582 2649 1738 2716 humanae
1760 2669 1832 2735 sps·

509 2774 605 2858 tium,
634 2793 673 2840 ex
696 2773 871 2840 studiorum
894 2778 1073 2841 nostrornm
1096 2778 1241 2841 contactu
1264 2795 1479 2862 consensuque
1502 2775 1674 2842 maximam
1700 2795 1751 2841 me
1777 2774 1832 2840 ob·

510 2899 712 2966 lectationem
734 2899 897 2985 percipere
919 2904 1008 2982 grato
1030 2898 1180 2986 profiteor
1203 2901 1318 2966 animo.

598 3023 736 3101 Quorum
765 3043 911 3090 sensnum
941 3025 1129 3110 interpretas
1155 3025 1250 3092 basse
1279 3026 1419 3112 pagellas
1447 3045 1516 3093 esse
1542 3026 1629 3092 iussi.
1672 3024 1834 3091 continent

511 3149 595 3215 enim
623 3148 663 3215 de
692 3149 795 3216 dubiis
824 3149 1010 3235 quibusdam
1038 3151 1085 3215 rei
1114 3149 1297 3218 iudiciarios
1324 3150 1459 3218 labentis
1487 3151 1613 3238 imperii
1640 3149 1833 3237 temporibus

511 3273 806 3359 quaestionibusque
828 3273 1007 3342 testimonis
1022 3274 1182 3358 nonnulla,
1206 3274 1286 3341 TIBI
1301 3275 1427 3359 quidem
1442 3295 1543 3362 neque
1557 3275 1717 3360 incognita
1731 3295 1833 3360 neque

510 3399 740 3486 inexspectata,
769 3399 865 3465 immo
897 3399 992 3466 etiam
1023 3399 1185 3466 aTEmet
1213 3401 1283 3486 ipso
1306 3401 1370 3466 iam
1393 3401 1515 3487 pridem
1538 3401 1617 3467 mihi
1639 3400 1831 3483 denuntiato,

511 3523 566 3592 sed
588 3529 696 3590 tamen
719 3524 765 3590 itu
783 3529 974 3611 comparate,
996 3530 1109 3590 utnon
1125 3525 1248 3609 ingrata
1264 3524 1465 3592 TlBll‘utura
1480 3526 1655 3609 videantur,
1677 3525 1832 3610 siquidem

512 3649 639 3715 omnino
668 3647 776 3714 TUAS
808 3647 1030 3716 confirmatura
1058 3656 1151 3716 erunt
1179 3650 1297 3717 eisdem
1328 3651 1368 3718 de
1400 3652 1621 3723 controuersiis
1649 3651 1831 3717 sententias.

512 3791 592 3857 quse
614 3772 720 3857 qualia
742 3772 806 3839 sint
826 3774 891 3839 iam
913 3773 1094 3858 diligentius
1117 3794 1274 3861 exponere
1295 3774 1397 3844 liceat.

601 4147 736 4214 Octavus
757 4148 821 4214 iarn
839 4147 1013 4224 interfluxit
1027 4169 1139 4234 sunus,
1160 4169 1199 4216 ex
1215 4171 1277 4236 quo
1291 4150 1375 4217 inter
1390 4149 1453 4216 alia
1468 4149 1619 4217 anecdota
1634 4147 1764 4236 Syriaca
1775 4149 1833 4217 ‘le-

512 4269 576 4358 ges'
601 4293 681 4358 quae
703 4272 849 4340 dicuntur
865 4273 1054 4341 ‘saeculares
1070 4274 1276 4359 Constantini,
1300 4275 1467 4342 Theodosii
1489 4281 1521 4342 et
1540 4272 1679 4359 Leonis’,
1703 4274 1726 4341 l.
1740 4274 1775 4341 P.
1791 4275 1832 4341 N.

511 4396 600 4463 Land
623 4397 797 4481 theologiae
812 4397 938 4466 doctore
960 4400 1143 4486 interprete,
1166 4421 1205 4467 ex
1220 4399 1384 4467 Aramaeis
1408 4401 1441 4466 in
1455 4399 1570 4467 Latina
1584 4420 1752 4469 conversae
1773 4422 1832 4486 pu-

512 4521 586 4588 blici
607 4523 684 4588 iuris
706 4522 808 4589 factae
831 4519 940 4604 sunt).

601 4701 621 4763 ¹)
645 4696 727 4752 Libro
739 4697 899 4768 inscriptum
912 4704 968 4756 est:
983 4699 1138 4772 ‘Anecdots
1150 4699 1272 4772 Syriaca,
1285 4701 1395 4771 collegit
1405 4701 1492 4757 edidit
1502 4702 1632 4771 explicuit
1644 4701 1665 4756 Ι.
1670 4701 1700 4756 P.
1706 4700 1739 4757 N.
1745 4701 1833 4772 Lend‚

512 4803 665 4873 theologiae
683 4803 787 4860 doctor.
814 4805 918 4862 Tomns
935 4807 1047 4877 primus.
1081 4808 1178 4863 lnsunt
1193 4807 1303 4863 tubulas
1321 4807 1441 4864 XXVIII
1458 4807 1679 4878 lithograpbicae.
1706 4806 1835 4876 Lugduni

512 4909 679 4969 Batavorum
698 4909 772 4980 apud
790 4911 822 4970 E.
835 4913 856 4967 1.
870 4913 943 4984 Brill,
962 4913 1129 4969 Aesdemiae
1146 4914 1369 4985 Typogrspbum.
1392 4914 1560 4970 MCCCCLX
1579 4914 1674 4982 (siet).
